
@article{em-decay,
	author = "Depta, Paul Frederik and Hufnagel, Marco and Schmidt-Hoberg, Kai",
	title = "{Updated BBN constraints on electromagnetic decays of MeV-scale particles}",
	eprint = "2011.xxxxx",
	archivePrefix = "arXiv",
	primaryClass = "hep-ph",
	reportNumber = "DESY-20-160, ULB-TH/20-15"
}
@ARTICLE{PitrouEtal2018,
   author = {Pitrou, Cyril and Coc, Alain and Uzan, Jean-Philippe and Vangioni, Elisabeth},
   title = {Precision big bang nucleosynthesis with improved Helium-4 predictions},
   journal = {Submitted to Phys. Rept.},
   archivePrefix = "arXiv",
   eprint = {1801.08023},
   year = 2018
   }

@phdthesis{Hufnagel:2020nxa,
    author = "Hufnagel, Marco",
    title = "{Primordial Nucleosynthesis in the Presence of MeV-scale Dark Sectors}",
    reportNumber = "DESY-THESIS-2020-017",
    doi = "10.3204/PUBDB-2020-02699",
    school = "Hamburg U.",
    address = "Hamburg",
    year = "2020"
}


@article{Cyburt:2015mya,
    author = "Cyburt, Richard H. and Fields, Brian D. and Olive, Keith A. and Yeh, Tsung-Han",
    title = "{Big Bang Nucleosynthesis: 2015}",
    eprint = "1505.01076",
    archivePrefix = "arXiv",
    primaryClass = "astro-ph.CO",
    reportNumber = "UMN-TH-3432-15, FTPI-MINN-15-19",
    doi = "10.1103/RevModPhys.88.015004",
    journal = "Rev. Mod. Phys.",
    volume = "88",
    pages = "015004",
    year = "2016"
}

@article{Kawasaki:2020qxm,
    author = "Kawasaki, Masahiro and Kohri, Kazunori and Moroi, Takeo and Murai, Kai and Murayama, Hitoshi",
    title = "{Big-bang nucleosynthesis with sub-GeV massive decaying particles}",
    eprint = "2006.14803",
    archivePrefix = "arXiv",
    primaryClass = "hep-ph",
    reportNumber = "KEK-Cosmo-254, KEK-TH-2214",
    month = "6",
    year = "2020"
}



@article{Filimonova:2019tuy,
      author         = "Filimonova, Anastasiia and Sch{\"a}fer, Ruth and Westhoff,
                        Susanne",
      title          = "{Probing dark sectors with long-lived particles at BELLE
                        II}",
      year           = "2019",
      eprint         = "1911.03490",
      archivePrefix  = "arXiv",
      primaryClass   = "hep-ph",
      reportNumber   = "P3H-19-043",
      SLACcitation   = "%%CITATION = ARXIV:1911.03490;%%"
}

@article{Batell:2009di,
      author         = "Batell, Brian and Pospelov, Maxim and Ritz, Adam",
      title          = "{Exploring Portals to a Hidden Sector Through Fixed
                        Targets}",
      journal        = "Phys. Rev.",
      volume         = "D80",
      year           = "2009",
      pages          = "095024",
      doi            = "10.1103/PhysRevD.80.095024",
      eprint         = "0906.5614",
      archivePrefix  = "arXiv",
      primaryClass   = "hep-ph",
      SLACcitation   = "%%CITATION = ARXIV:0906.5614;%%"
}

@article{Andreas:2012mt,
      author         = "Andreas, Sarah and Niebuhr, Carsten and Ringwald,
                        Andreas",
      title          = "{New Limits on Hidden Photons from Past Electron Beam
                        Dumps}",
      journal        = "Phys. Rev.",
      volume         = "D86",
      year           = "2012",
      pages          = "095019",
      doi            = "10.1103/PhysRevD.86.095019",
      eprint         = "1209.6083",
      archivePrefix  = "arXiv",
      primaryClass   = "hep-ph",
      reportNumber   = "DESY-12-054",
      SLACcitation   = "%%CITATION = ARXIV:1209.6083;%%"
}

@article{Izaguirre:2013uxa,
      author         = "Izaguirre, Eder and Krnjaic, Gordan and Schuster, Philip
                        and Toro, Natalia",
      title          = "{New Electron Beam-Dump Experiments to Search for MeV to
                        few-GeV Dark Matter}",
      journal        = "Phys. Rev.",
      volume         = "D88",
      year           = "2013",
      pages          = "114015",
      doi            = "10.1103/PhysRevD.88.114015",
      eprint         = "1307.6554",
      archivePrefix  = "arXiv",
      primaryClass   = "hep-ph",
      SLACcitation   = "%%CITATION = ARXIV:1307.6554;%%"
}

@article{Batell:2014mga,
      author         = "Batell, Brian and Essig, Rouven and Surujon, Ze'ev",
      title          = "{Strong Constraints on Sub-GeV Dark Sectors from SLAC
                        Beam Dump E137}",
      journal        = "Phys. Rev. Lett.",
      volume         = "113",
      year           = "2014",
      number         = "17",
      pages          = "171802",
      doi            = "10.1103/PhysRevLett.113.171802",
      eprint         = "1406.2698",
      archivePrefix  = "arXiv",
      primaryClass   = "hep-ph",
      SLACcitation   = "%%CITATION = ARXIV:1406.2698;%%"
}


@article{Essig:2013vha,
      author         = "Essig, Rouven and Mardon, Jeremy and Papucci, Michele and
                        Volansky, Tomer and Zhong, Yi-Ming",
      title          = "{Constraining Light Dark Matter with Low-Energy $e^+e^-$
                        Colliders}",
      journal        = "JHEP",
      volume         = "11",
      year           = "2013",
      pages          = "167",
      doi            = "10.1007/JHEP11(2013)167",
      eprint         = "1309.5084",
      archivePrefix  = "arXiv",
      primaryClass   = "hep-ph",
      SLACcitation   = "%%CITATION = ARXIV:1309.5084;%%"
}

@article{Izaguirre:2015yja,
      author         = "Izaguirre, Eder and Krnjaic, Gordan and Schuster, Philip
                        and Toro, Natalia",
      title          = "{Analyzing the Discovery Potential for Light Dark
                        Matter}",
      journal        = "Phys. Rev. Lett.",
      volume         = "115",
      year           = "2015",
      pages          = "251301",
      doi            = "10.1103/PhysRevLett.115.251301",
      eprint         = "1505.00011",
      archivePrefix  = "arXiv",
      primaryClass   = "hep-ph",
      SLACcitation   = "%%CITATION = ARXIV:1505.00011;%%"
}

@article{Darme:2017glc,
      author         = "Darm\'e, Luc and Rao, Soumya and Roszkowski, Leszek",
      title          = "{Light dark Higgs boson in minimal sub-GeV dark matter
                        scenarios}",
      journal        = "JHEP",
      volume         = "03",
      year           = "2018",
      pages          = "084",
      doi            = "10.1007/JHEP03(2018)084",
      eprint         = "1710.08430",
      archivePrefix  = "arXiv",
      primaryClass   = "hep-ph",
      SLACcitation   = "%%CITATION = ARXIV:1710.08430;%%"
}


@article{Izaguirre:2015zva,
      author         = "Izaguirre, Eder and Krnjaic, Gordan and Shuve, Brian",
      title          = "{Discovering Inelastic Thermal-Relic Dark Matter at
                        Colliders}",
      journal        = "Phys. Rev.",
      volume         = "D93",
      year           = "2016",
      pages          = "063523",
      doi            = "10.1103/PhysRevD.93.063523",
      eprint         = "1508.03050",
      archivePrefix  = "arXiv",
      primaryClass   = "hep-ph",
      SLACcitation   = "%%CITATION = ARXIV:1508.03050;%%"
}

@article{Izaguirre:2017bqb,
      author         = "Izaguirre, Eder and Kahn, Yonatan and Krnjaic, Gordan and
                        Moschella, Matthew",
      title          = "{Testing Light Dark Matter Coannihilation With
                        Fixed-Target Experiments}",
      journal        = "Phys. Rev.",
      volume         = "D96",
      year           = "2017",
      pages          = "055007",
      doi            = "10.1103/PhysRevD.96.055007",
      eprint         = "1703.06881",
      archivePrefix  = "arXiv",
      primaryClass   = "hep-ph",
      reportNumber   = "FERMILAB-PUB-17-068-PPD, PUPT-2520",
      SLACcitation   = "%%CITATION = ARXIV:1703.06881;%%"
}






@article{Beacham:2019nyx,
      author         = "Beacham, J. and others",
      title          = "{Physics Beyond Colliders at CERN: Beyond the Standard
                        Model Working Group Report}",
      year           = "2019",
      eprint         = "1901.09966",
      archivePrefix  = "arXiv",
      primaryClass   = "hep-ex",
      reportNumber   = "CERN-PBC-REPORT-2018-007",
      SLACcitation   = "%%CITATION = ARXIV:1901.09966;%%"
}



@article{Renk:2020hbs,
    author = "Renk, Janina J. and others",
    collaboration = "GAMBIT Cosmology Workgroup",
    title = "{CosmoBit: A GAMBIT module for computing cosmological observables and likelihoods}",
    eprint = "2009.03286",
    archivePrefix = "arXiv",
    primaryClass = "astro-ph.CO",
    reportNumber = "gambit-code-2020, TTK-20-27",
    month = "9",
    year = "2020"
}



@article{Fradette:2018hhl,
	author = "Fradette, Anthony and Pospelov, Maxim and Pradler, Josef and Ritz, Adam",
	archivePrefix = "arXiv",
	doi = "10.1103/PhysRevD.99.075004",
	eprint = "1812.07585",
	journal = "Phys. Rev. D",
	number = "7",
	pages = "075004",
	primaryClass = "hep-ph",
	title = "{Cosmological beam dump: constraints on dark scalars mixed with the Higgs boson}",
	volume = "99",
	year = "2019"
}

@article{Roszkowski:2017nbc,
	author = "Roszkowski, Leszek and Sessolo, Enrico Maria and Trojanowski, Sebastian",
	archivePrefix = "arXiv",
	doi = "10.1088/1361-6633/aab913",
	eprint = "1707.06277",
	journal = "Rept. Prog. Phys.",
	number = "6",
	pages = "066201",
	primaryClass = "hep-ph",
	reportNumber = "UCI-HEP-TR-2017-09, DO-TH-17-15, UCI-HEP-TR-2017-09-",
	title = "{WIMP dark matter candidates and searches---current status and future prospects}",
	volume = "81",
	year = "2018"
}

@article{Masso:1995tw,
	author         = "Masso, Eduard and Toldra, Ramon",
	title          = "{On a light spinless particle coupled to photons}",
	journal        = "Phys. Rev.",
	volume         = "D52",
	year           = "1995",
	pages          = "1755-1763",
	doi            = "10.1103/PhysRevD.52.1755",
	eprint         = "hep-ph/9503293",
	archivePrefix  = "arXiv",
	primaryClass   = "hep-ph",
	reportNumber   = "UAB-FT-361",
	SLACcitation   = "%%CITATION = HEP-PH/9503293;%%"
}

@article{Masso:1997ru,
	author         = "Masso, Eduard and Toldra, Ramon",
	title          = "{New constraints on a light spinless particle coupled to
	photons}",
	journal        = "Phys. Rev.",
	volume         = "D55",
	year           = "1997",
	pages          = "7967-7969",
	doi            = "10.1103/PhysRevD.55.7967",
	eprint         = "hep-ph/9702275",
	archivePrefix  = "arXiv",
	primaryClass   = "hep-ph",
	reportNumber   = "UAB-FT-409",
	SLACcitation   = "%%CITATION = HEP-PH/9702275;%%"
}

@article{Hasegawa:2019jsa,
	author         = "Hasegawa, Takuya and Hiroshima, Nagisa and Kohri,
	Kazunori and Hansen, Rasmus S. L. and Tram, Thomas and
	Hannestad, Steen",
	title          = "{MeV-scale reheating temperature and thermalization of
	oscillating neutrinos by radiative and hadronic decays of
	massive particles}",
	journal        = "JCAP",
	volume         = "1912",
	year           = "2019",
	number         = "12",
	pages          = "012",
	doi            = "10.1088/1475-7516/2019/12/012",
	eprint         = "1908.10189",
	archivePrefix  = "arXiv",
	primaryClass   = "hep-ph",
	reportNumber   = "KEK-TH-2149, KEK-Cosmo-242, RIKEN-iTHEMS-Report-19,
	IPMU19-0120",
	SLACcitation   = "%%CITATION = ARXIV:1908.10189;%%"
}

@article{Mangano:2005cc,
	author         = "Mangano, Gianpiero and Miele, Gennaro and Pastor, Sergio
	and Pinto, Teguayco and Pisanti, Ofelia and Serpico,
	Pasquale D.",
	title          = "{Relic neutrino decoupling including flavor
	oscillations}",
	journal        = "Nucl. Phys.",
	volume         = "B729",
	year           = "2005",
	pages          = "221-234",
	doi            = "10.1016/j.nuclphysb.2005.09.041",
	eprint         = "hep-ph/0506164",
	archivePrefix  = "arXiv",
	primaryClass   = "hep-ph",
	reportNumber   = "DSF-16-2005, IFIC-05-17, MPP-2005-36",
	SLACcitation   = "%%CITATION = HEP-PH/0506164;%%"
}

@article{Ellis:2005ii,
	author         = "Ellis, John R. and Olive, Keith A. and Vangioni,
	Elisabeth",
	title          = "{Effects of unstable particles on light-element
	abundances: Lithium versus deuterium and He-3}",
	journal        = "Phys. Lett.",
	volume         = "B619",
	year           = "2005",
	pages          = "30-42",
	doi            = "10.1016/j.physletb.2005.05.066",
	eprint         = "astro-ph/0503023",
	archivePrefix  = "arXiv",
	primaryClass   = "astro-ph",
	reportNumber   = "CERN-PH-TH-2005-030, UMN-TH-2345-05, FTPI-MINN-05-04",
	SLACcitation   = "%%CITATION = ASTRO-PH/0503023;%%"
}

@article{Reno:1987qw,
	author         = "Reno, M. H. and Seckel, D.",
	title          = "{Primordial Nucleosynthesis: The Effects of Injecting
	Hadrons}",
	journal        = "Phys. Rev.",
	volume         = "D37",
	year           = "1988",
	pages          = "3441",
	doi            = "10.1103/PhysRevD.37.3441",
	reportNumber   = "FERMILAB-PUB-87-115-T, SCIPP-87-97",
	SLACcitation   = "%%CITATION = PHRVA,D37,3441;%%"
}

@article{Kou:2018nap,
	author         = "Altmannshofer, W. and others",
	editor         = "Kou, E. and Urquijo, P.",
	title          = "{The Belle II Physics Book}",
	collaboration  = "Belle II",
	year           = "2018",
	eprint         = "1808.10567",
	archivePrefix  = "arXiv",
	primaryClass   = "hep-ex",
	reportNumber   = "KEK Preprint 2018-27, BELLE2-PUB-PH-2018-001,
	FERMILAB-PUB-18-398-T, JLAB-THY-18-2780, INT-PUB-18-047,
	UWThPh 2018-26",
	SLACcitation   = "%%CITATION = ARXIV:1808.10567;%%"
}

@article{Schmidt-Hoberg:2013hba,
	author         = "Schmidt-Hoberg, Kai and Staub, Florian and Winkler,
	Martin Wolfgang",
	title          = "{Constraints on light mediators: confronting dark matter
	searches with B physics}",
	journal        = "Phys. Lett.",
	volume         = "B727",
	year           = "2013",
	pages          = "506-510",
	doi            = "10.1016/j.physletb.2013.11.015",
	eprint         = "1310.6752",
	archivePrefix  = "arXiv",
	primaryClass   = "hep-ph",
	reportNumber   = "CERN-PH-TH-2013-250, BONN-TH-2013-22, DESY-13-192",
	SLACcitation   = "%%CITATION = ARXIV:1310.6752;%%"
}

@article{Raffelt:1987yu,
	author         = "Raffelt, Georg G. and Dearborn, David S. P.",
	title          = "{Bounds on Hadronic Axions From Stellar Evolution}",
	journal        = "Phys. Rev.",
	volume         = "D36",
	year           = "1987",
	pages          = "2211",
	doi            = "10.1103/PhysRevD.36.2211",
	reportNumber   = "UCRL-96161-REV, UCRL-96161",
	SLACcitation   = "%%CITATION = PHRVA,D36,2211;%%"
}

@article{Chang:2018rso,
	author         = "Chang, Jae Hyeok and Essig, Rouven and McDermott, Samuel
	D.",
	title          = "{Supernova 1987A Constraints on Sub-GeV Dark Sectors,
	Millicharged Particles, the QCD Axion, and an Axion-like
	Particle}",
	journal        = "JHEP",
	volume         = "09",
	year           = "2018",
	pages          = "051",
	doi            = "10.1007/JHEP09(2018)051",
	eprint         = "1803.00993",
	archivePrefix  = "arXiv",
	primaryClass   = "hep-ph",
	reportNumber   = "YITP-SB-18-01, FERMILAB-PUB-17-432-T",
	SLACcitation   = "%%CITATION = ARXIV:1803.00993;%%"
}

@article{Matsumoto:2018acr,
	author         = "Matsumoto, Shigeki and Tsai, Yue-Lin Sming and Tseng,
	Po-Yan",
	title          = "{Light Fermionic WIMP Dark Matter with Light Scalar
	Mediator}",
	year           = "2018",
	eprint         = "1811.03292",
	archivePrefix  = "arXiv",
	primaryClass   = "hep-ph",
	reportNumber   = "IPMU18-0180",
	SLACcitation   = "%%CITATION = ARXIV:1811.03292;%%"
}

@article{Bringmann:2018jpr,
	author         = "Bringmann, Torsten and Kahlhoefer, Felix and
	Schmidt-Hoberg, Kai and Walia, Parampreet",
	title          = "{Converting nonrelativistic dark matter to radiation}",
	journal        = "Phys. Rev.",
	volume         = "D98",
	year           = "2018",
	number         = "2",
	pages          = "023543",
	doi            = "10.1103/PhysRevD.98.023543",
	eprint         = "1803.03644",
	archivePrefix  = "arXiv",
	primaryClass   = "astro-ph.CO",
	reportNumber   = "DESY-18-032, TTK-18-10",
	SLACcitation   = "%%CITATION = ARXIV:1803.03644;%%"
}

@article{Binder:2017lkj,
	author         = "Binder, Tobias and Gustafsson, Michael and Kamada, Ayuki
	and Sandner, Stefan Marinus Rodrigues and Wiesner, Max",
	title          = "{Reannihilation of self-interacting dark matter}",
	journal        = "Phys. Rev.",
	volume         = "D97",
	year           = "2018",
	number         = "12",
	pages          = "123004",
	doi            = "10.1103/PhysRevD.97.123004",
	eprint         = "1712.01246",
	archivePrefix  = "arXiv",
	primaryClass   = "astro-ph.CO",
	SLACcitation   = "%%CITATION = ARXIV:1712.01246;%%"
}

@article{Vogelsberger:2012ku,
	author         = "Vogelsberger, Mark and Zavala, Jesus and Loeb, Abraham",
	title          = "{Subhaloes in Self-Interacting Galactic Dark Matter
	Haloes}",
	journal        = "Mon. Not. Roy. Astron. Soc.",
	volume         = "423",
	year           = "2012",
	pages          = "3740",
	doi            = "10.1111/j.1365-2966.2012.21182.x",
	eprint         = "1201.5892",
	archivePrefix  = "arXiv",
	primaryClass   = "astro-ph.CO",
	SLACcitation   = "%%CITATION = ARXIV:1201.5892;%%"
}

@article{Kahlhoefer:2017ddj,
	author         = "Kahlhoefer, Felix and Kulkarni, Suchita and Wild,
	Sebastian",
	title          = "{Exploring light mediators with low-threshold direct
	detection experiments}",
	journal        = "JCAP",
	volume         = "1711",
	year           = "2017",
	number         = "11",
	pages          = "016",
	doi            = "10.1088/1475-7516/2017/11/016",
	eprint         = "1707.08571",
	archivePrefix  = "arXiv",
	primaryClass   = "hep-ph",
	reportNumber   = "DESY-17-113, HEPHY-PUB-991-17",
	SLACcitation   = "%%CITATION = ARXIV:1707.08571;%%"
}

@article{Alekhin:2015byh,
	author         = "Alekhin, Sergey and others",
	title          = "{A facility to Search for Hidden Particles at the CERN
	SPS: the SHiP physics case}",
	journal        = "Rept. Prog. Phys.",
	volume         = "79",
	year           = "2016",
	number         = "12",
	pages          = "124201",
	doi            = "10.1088/0034-4885/79/12/124201",
	eprint         = "1504.04855",
	archivePrefix  = "arXiv",
	primaryClass   = "hep-ph",
	reportNumber   = "CERN-SPSC-2015-017, SPSC-P-350-ADD-1",
	SLACcitation   = "%%CITATION = ARXIV:1504.04855;%%"
}

@article{Cline:2013gha,
	author         = "Cline, James M. and Kainulainen, Kimmo and Scott, Pat and
	Weniger, Christoph",
	title          = "{Update on scalar singlet dark matter}",
	journal        = "Phys. Rev.",
	volume         = "D88",
	year           = "2013",
	pages          = "055025",
	doi            = "10.1103/PhysRevD.92.039906, 10.1103/PhysRevD.88.055025",
	note           = "[Erratum: Phys. Rev.D92,no.3,039906(2015)]",
	eprint         = "1306.4710",
	archivePrefix  = "arXiv",
	primaryClass   = "hep-ph",
	SLACcitation   = "%%CITATION = ARXIV:1306.4710;%%"
}

@article{Forestell:2018txr,
	author         = "Forestell, Lindsay and Morrissey, David E. and White,
	Graham",
	title          = "{Limits from BBN on Light Electromagnetic Decays}",
	year           = "2018",
	eprint         = "1809.01179",
	archivePrefix  = "arXiv",
	primaryClass   = "hep-ph",
	SLACcitation   = "%%CITATION = ARXIV:1809.01179;%%"
}

@article{Chluba:2011hw,
	author         = "Chluba, J. and Sunyaev, R. A.",
	title          = "{The evolution of CMB spectral distortions in the early
	Universe}",
	journal        = "Mon. Not. Roy. Astron. Soc.",
	volume         = "419",
	year           = "2012",
	pages          = "1294-1314",
	doi            = "10.1111/j.1365-2966.2011.19786.x",
	eprint         = "1109.6552",
	archivePrefix  = "arXiv",
	primaryClass   = "astro-ph.CO",
	SLACcitation   = "%%CITATION = ARXIV:1109.6552;%%"
}

@article{Poulin:2016anj,
	author         = "Poulin, Vivian and Lesgourgues, Julien and Serpico,
	Pasquale D.",
	title          = "{Cosmological constraints on exotic injection of
	electromagnetic energy}",
	journal        = "JCAP",
	volume         = "1703",
	year           = "2017",
	number         = "03",
	pages          = "043",
	doi            = "10.1088/1475-7516/2017/03/043",
	eprint         = "1610.10051",
	archivePrefix  = "arXiv",
	primaryClass   = "astro-ph.CO",
	SLACcitation   = "%%CITATION = ARXIV:1610.10051;%%"
}

@article{Dolgov:2002wy,
	author = "Dolgov, A.D.",
	archivePrefix = "arXiv",
	doi = "10.1016/S0370-1573(02)00139-4",
	eprint = "hep-ph/0202122",
	journal = "Phys. Rept.",
	pages = "333--535",
	reportNumber = "INFN-FE",
	title = "{Neutrinos in cosmology}",
	volume = "370",
	year = "2002"
}

@article{Kainulainen:2015sva,
	author         = "Kainulainen, Kimmo and Tuominen, Kimmo and Vaskonen,
	Ville",
	title          = "{Self-interacting dark matter and cosmology of a light
	scalar mediator}",
	journal        = "Phys. Rev.",
	volume         = "D93",
	year           = "2016",
	number         = "1",
	pages          = "015016",
	doi            = "10.1103/PhysRevD.93.015016",
	eprint         = "1507.04931",
	archivePrefix  = "arXiv",
	primaryClass   = "hep-ph",
	SLACcitation   = "%%CITATION = ARXIV:1507.04931;%%"
}

@article{Kaplinghat:2013yxa,
	author         = "Kaplinghat, Manoj and Tulin, Sean and Yu, Hai-Bo",
	title          = "{Direct Detection Portals for Self-interacting Dark
	Matter}",
	journal        = "Phys. Rev.",
	volume         = "D89",
	year           = "2014",
	number         = "3",
	pages          = "035009",
	doi            = "10.1103/PhysRevD.89.035009",
	eprint         = "1310.7945",
	archivePrefix  = "arXiv",
	primaryClass   = "hep-ph",
	reportNumber   = "MCTP-13-33, CETUP2013-018",
	SLACcitation   = "%%CITATION = ARXIV:1310.7945;%%"
}

@article{Sarkar:1984tt,
	author         = "Sarkar, Subir and Cooper-Sarkar, Amanda M.",
	title          = "{Cosmological and experimental constraints on the tau
	neutrino}",
	booktitle      = "{22nd International Conference on High Energy Physics.
	Vol. 1: Leipzig, Germany, July 19-25, 1984}",
	journal        = "Phys. Lett.",
	volume         = "148B",
	year           = "1984",
	pages          = "347-354",
	doi            = "10.1016/0370-2693(84)90101-1",
	note           = "[,I.362(1984)]",
	reportNumber   = "CERN-TH-3976-84, CERN-EP-84-97",
	SLACcitation   = "%%CITATION = PHLTA,148B,347;%%"
}


@article{Ellis:1984er,
	author         = "Ellis, John R. and Nanopoulos, Dimitri V. and Sarkar,
	Subir",
	title          = "{The Cosmology of Decaying Gravitinos}",
	journal        = "Nucl. Phys.",
	volume         = "B259",
	year           = "1985",
	pages          = "175-188",
	doi            = "10.1016/0550-3213(85)90306-2",
	reportNumber   = "CERN-TH-4057-84",
	SLACcitation   = "%%CITATION = NUPHA,B259,175;%%"
}

@article{Spergel:1999mh,
	author         = "Spergel, David N. and Steinhardt, Paul J.",
	title          = "{Observational evidence for selfinteracting cold dark
	matter}",
	journal        = "Phys. Rev. Lett.",
	volume         = "84",
	year           = "2000",
	pages          = "3760-3763",
	doi            = "10.1103/PhysRevLett.84.3760",
	eprint         = "astro-ph/9909386",
	archivePrefix  = "arXiv",
	primaryClass   = "astro-ph",
	SLACcitation   = "%%CITATION = ASTRO-PH/9909386;%%"
}

@article{Tulin:2017ara,
	author         = "Tulin, Sean and Yu, Hai-Bo",
	title          = "{Dark Matter Self-interactions and Small Scale
	Structure}",
	year           = "2017",
	eprint         = "1705.02358",
	archivePrefix  = "arXiv",
	primaryClass   = "hep-ph",
	SLACcitation   = "%%CITATION = ARXIV:1705.02358;%%"
}

@article{Tulin:2013teo,
	author         = "Tulin, Sean and Yu, Hai-Bo and Zurek, Kathryn M.",
	title          = "{Beyond Collisionless Dark Matter: Particle Physics
	Dynamics for Dark Matter Halo Structure}",
	journal        = "Phys. Rev.",
	volume         = "D87",
	year           = "2013",
	number         = "11",
	pages          = "115007",
	doi            = "10.1103/PhysRevD.87.115007",
	eprint         = "1302.3898",
	archivePrefix  = "arXiv",
	primaryClass   = "hep-ph",
	SLACcitation   = "%%CITATION = ARXIV:1302.3898;%%"
}

@article{Aarssen:2012fx,
	author         = "van den Aarssen, Laura G. and Bringmann, Torsten and
	Pfrommer, Christoph",
	title          = "{Is dark matter with long-range interactions a solution
	to all small-scale problems of $\Lambda$CDM cosmology?}",
	journal        = "Phys. Rev. Lett.",
	volume         = "109",
	year           = "2012",
	pages          = "231301",
	doi            = "10.1103/PhysRevLett.109.231301",
	eprint         = "1205.5809",
	archivePrefix  = "arXiv",
	primaryClass   = "astro-ph.CO",
	SLACcitation   = "%%CITATION = ARXIV:1205.5809;%%"
}

@article{Loeb:2010gj,
	author         = "Loeb, Abraham and Weiner, Neal",
	title          = "{Cores in Dwarf Galaxies from Dark Matter with a Yukawa
	Potential}",
	journal        = "Phys. Rev. Lett.",
	volume         = "106",
	year           = "2011",
	pages          = "171302",
	doi            = "10.1103/PhysRevLett.106.171302",
	eprint         = "1011.6374",
	archivePrefix  = "arXiv",
	primaryClass   = "astro-ph.CO",
	SLACcitation   = "%%CITATION = ARXIV:1011.6374;%%"
}

@article{Feng:2009mn,
	author         = "Feng, Jonathan L. and Kaplinghat, Manoj and Tu, Huitzu
	and Yu, Hai-Bo",
	title          = "{Hidden Charged Dark Matter}",
	journal        = "JCAP",
	volume         = "0907",
	year           = "2009",
	pages          = "004",
	doi            = "10.1088/1475-7516/2009/07/004",
	eprint         = "0905.3039",
	archivePrefix  = "arXiv",
	primaryClass   = "hep-ph",
	reportNumber   = "UCI-TR-2009-06",
	SLACcitation   = "%%CITATION = ARXIV:0905.3039;%%"
}

@article{Buckley:2009in,
	author         = "Buckley, Matthew R. and Fox, Patrick J.",
	title          = "{Dark Matter Self-Interactions and Light Force Carriers}",
	journal        = "Phys. Rev.",
	volume         = "D81",
	year           = "2010",
	pages          = "083522",
	doi            = "10.1103/PhysRevD.81.083522",
	eprint         = "0911.3898",
	archivePrefix  = "arXiv",
	primaryClass   = "hep-ph",
	reportNumber   = "FERMILAB-PUB-09-560-T",
	SLACcitation   = "%%CITATION = ARXIV:0911.3898;%%"
}

@article{Feng:2009hw,
	author         = "Feng, Jonathan L. and Kaplinghat, Manoj and Yu, Hai-Bo",
	title          = "{Halo Shape and Relic Density Exclusions of
	Sommerfeld-Enhanced Dark Matter Explanations of Cosmic Ray
	Excesses}",
	journal        = "Phys. Rev. Lett.",
	volume         = "104",
	year           = "2010",
	pages          = "151301",
	doi            = "10.1103/PhysRevLett.104.151301",
	eprint         = "0911.0422",
	archivePrefix  = "arXiv",
	primaryClass   = "hep-ph",
	reportNumber   = "UCI-TR-2009-12",
	SLACcitation   = "%%CITATION = ARXIV:0911.0422;%%"
}

@article{Ackerman:mha,
	author         = "Ackerman, Lotty and Buckley, Matthew R. and Carroll, Sean
	M. and Kamionkowski, Marc",
	title          = "{Dark Matter and Dark Radiation}",
	booktitle      = "{Proceedings, 7th International Heidelberg Conference on
	Dark Matter in Astro and Particle Physics (DARK 2009):
	Christchurch, New Zealand, January 18-24, 2009}",
	journal        = "Phys. Rev.",
	volume         = "D79",
	year           = "2009",
	pages          = "023519",
	doi            = "10.1103/PhysRevD.79.023519, 10.1142/9789814293792_0021",
	note           = "[,277(2008)]",
	eprint         = "0810.5126",
	archivePrefix  = "arXiv",
	primaryClass   = "hep-ph",
	SLACcitation   = "%%CITATION = ARXIV:0810.5126;%%"
}

@article{Malaney:1993ah,
	author = "Malaney, R.A. and Mathews, G.J.",
	doi = "10.1016/0370-1573(93)90134-Y",
	journal = "Phys. Rept.",
	pages = "145--219",
	title = "{Probing the early universe: A Review of primordial nucleosynthesis beyond the standard Big Bang}",
	volume = "229",
	year = "1993"
}

@ARTICLE{1969ApJS...18..247W,
	author = {{Wagoner}, Robert V.},
	title = "{Synthesis of the Elements Within Objects Exploding from Very High Temperatures}",
	journal = "Astrophys. J. Suppl.",
	year = 1969,
	month = jun,
	volume = {18},
	pages = {247},
	doi = {10.1086/190191},
	adsurl = {https://ui.adsabs.harvard.edu/abs/1969ApJS...18..247W},
	adsnote = {Provided by the SAO/NASA Astrophysics Data System}
}


@article{CAUGHLAN1988283,
	title = "{Thermonuclear reaction rates V}",
	journal = "Atomic Data and Nuclear Data Tables",
	volume = "40",
	number = "2",
	pages = "283 - 334",
	year = "1988",
	issn = "0092-640X",
	doi = "https://doi.org/10.1016/0092-640X(88)90009-5",
	url = "http://www.sciencedirect.com/science/article/pii/0092640X88900095",
	author = "Georgeanne R. Caughlan and William A. Fowler"
}

@article{Smith:1992yy,
	author = "Smith, Michael S. and Kawano, Lawrence H. and Malaney, Robert A.",
	doi = "10.1086/191763",
	journal = "Astrophys. J. Suppl.",
	pages = "219--247",
	reportNumber = "OAP-716",
	title = "{Experimental, computational, and observational analysis of primordial nucleosynthesis}",
	volume = "85",
	year = "1993"
}

@article{Birkedal:2005ep,
	author         = "Birkedal, Andreas and Matchev, Konstantin T. and
	Perelstein, Maxim and Spray, Andrew",
	title          = "{Robust gamma ray signature of WIMP dark matter}",
	year           = "2005",
	eprint         = "hep-ph/0507194",
	archivePrefix  = "arXiv",
	primaryClass   = "hep-ph",
	reportNumber   = "UFIFT-HEP-05-19",
	SLACcitation   = "%%CITATION = HEP-PH/0507194;%%"
}

@article{Mardon:2009rc,
	author         = "Mardon, Jeremy and Nomura, Yasunori and Stolarski, Daniel
	and Thaler, Jesse",
	title          = "{Dark Matter Signals from Cascade Annihilations}",
	journal        = "JCAP",
	volume         = "0905",
	year           = "2009",
	pages          = "016",
	doi            = "10.1088/1475-7516/2009/05/016",
	eprint         = "0901.2926",
	archivePrefix  = "arXiv",
	primaryClass   = "hep-ph",
	reportNumber   = "UCB-PTH-09-02",
	SLACcitation   = "%%CITATION = ARXIV:0901.2926;%%"
}

@article{Clowe:2006eq,
	author = "Clowe, Douglas and Bradac, Marusa and Gonzalez, Anthony H. and Markevitch, Maxim and Randall, Scott W. and Jones, Christine and Zaritsky, Dennis",
	archivePrefix = "arXiv",
	doi = "10.1086/508162",
	eprint = "astro-ph/0608407",
	journal = "Astrophys. J.",
	pages = "L109--L113",
	reportNumber = "SLAC-PUB-12078",
	title = "{A direct empirical proof of the existence of dark matter}",
	volume = "648",
	year = "2006"
}

@article{Aoyama:2017uqe,
	author = "Aoyama, Tatsumi and Kinoshita, Toichiro and Nio, Makiko",
	archivePrefix = "arXiv",
	doi = "10.1103/PhysRevD.97.036001",
	eprint = "1712.06060",
	journal = "Phys. Rev. D",
	number = "3",
	pages = "036001",
	primaryClass = "hep-ph",
	reportNumber = "RIKEN-QHP-345",
	title = "{Revised and Improved Value of the QED Tenth-Order Electron Anomalous Magnetic Moment}",
	volume = "97",
	year = "2018"
}

@article{Olive:2016xmw,
	author         = "Patrignani, C. and others",
	title          = "{Review of Particle Physics}",
	collaboration  = "Particle Data Group",
	journal        = "Chin. Phys.",
	volume         = "C40",
	year           = "2016",
	number         = "10",
	pages          = "100001",
	doi            = "10.1088/1674-1137/40/10/100001",
	SLACcitation   = "%%CITATION = CHPHD,C40,100001;%%"
}

@article{Steigman:1977kc,
	author         = "Steigman, G. and Schramm, D. N. and Gunn, J. E.",
	title          = "{Cosmological Limits to the Number of Massive Leptons}",
	journal        = "Phys. Lett.",
	volume         = "66B",
	year           = "1977",
	pages          = "202-204",
	doi            = "10.1016/0370-2693(77)90176-9",
	SLACcitation   = "%%CITATION = PHLTA,66B,202;%%"
}

@article{Bertone:2004pz,
	author = "Bertone, Gianfranco and Hooper, Dan and Silk, Joseph",
	archivePrefix = "arXiv",
	doi = "10.1016/j.physrep.2004.08.031",
	eprint = "hep-ph/0404175",
	journal = "Phys. Rept.",
	pages = "279--390",
	reportNumber = "FERMILAB-PUB-04-047-A",
	title = "{Particle dark matter: Evidence, candidates and constraints}",
	volume = "405",
	year = "2005"
}

@article{1970ApJ...159..379R,
	author = "Rubin, Vera C. and Ford, W. Kent, Jr.",
	title = "Rotation of the Andromeda Nebula from a Spectroscopic Survey of Emission Regions",
	journal = "The Astrophysical Journal",
	year = 1970,
	month = feb,
	volume = {159},
	pages = {379},
	doi = {10.1086/150317},
	adsurl = {https://ui.adsabs.harvard.edu/abs/1970ApJ...159..379R},
	adsnote = {Provided by the SAO/NASA Astrophysics Data System}
}

@article{Abbott:2016blz,
	author = "Abbott, B.P. and others",
	archivePrefix = "arXiv",
	collaboration = "LIGO Scientific, Virgo",
	doi = "10.1103/PhysRevLett.116.061102",
	eprint = "1602.03837",
	journal = "Phys. Rev. Lett.",
	number = "6",
	pages = "061102",
	primaryClass = "gr-qc",
	reportNumber = "LIGO-P150914",
	title = "{Observation of Gravitational Waves from a Binary Black Hole Merger}",
	volume = "116",
	year = "2016"
}

@article{Chatrchyan:2012ufa,
	author = "Chatrchyan, Serguei and others",
	archivePrefix = "arXiv",
	collaboration = "CMS",
	doi = "10.1016/j.physletb.2012.08.021",
	eprint = "1207.7235",
	journal = "Phys. Lett. B",
	pages = "30--61",
	primaryClass = "hep-ex",
	reportNumber = "CMS-HIG-12-028, CERN-PH-EP-2012-220",
	title = "{Observation of a New Boson at a Mass of 125 GeV with the CMS Experiment at the LHC}",
	volume = "716",
	year = "2012"
}

@article{Aad:2012tfa,
	author = "Aad, Georges and others",
	archivePrefix = "arXiv",
	collaboration = "ATLAS",
	doi = "10.1016/j.physletb.2012.08.020",
	eprint = "1207.7214",
	journal = "Phys. Lett. B",
	pages = "1--29",
	primaryClass = "hep-ex",
	reportNumber = "CERN-PH-EP-2012-218",
	title = "{Observation of a new particle in the search for the Standard Model Higgs boson with the ATLAS detector at the LHC}",
	volume = "716",
	year = "2012"
}

@article{Akiyama:2019cqa,
	author = "Akiyama, Kazunori and others",
	archivePrefix = "arXiv",
	collaboration = "Event Horizon Telescope",
	doi = "10.3847/2041-8213/ab0ec7",
	eprint = "1906.11238",
	journal = "Astrophys. J.",
	number = "1",
	pages = "L1",
	primaryClass = "astro-ph.GA",
	title = "{First M87 Event Horizon Telescope Results. I. The Shadow of the Supermassive Black Hole}",
	volume = "875",
	year = "2019"
}

@article{Djouadi:2005gi,
	author = "Djouadi, Abdelhak",
	archivePrefix = "arXiv",
	doi = "10.1016/j.physrep.2007.10.004",
	eprint = "hep-ph/0503172",
	journal = "Phys. Rept.",
	pages = "1--216",
	reportNumber = "LPT-ORSAY-05-17",
	title = "{The Anatomy of electro-weak symmetry breaking. I: The Higgs boson in the standard model}",
	volume = "457",
	year = "2008"
}

@article{Iengo:2009ni,
	author         = "Iengo, Roberto",
	title          = "{Sommerfeld enhancement: General results from field
	theory diagrams}",
	journal        = "JHEP",
	volume         = "05",
	year           = "2009",
	pages          = "024",
	doi            = "10.1088/1126-6708/2009/05/024",
	eprint         = "0902.0688",
	archivePrefix  = "arXiv",
	primaryClass   = "hep-ph",
	SLACcitation   = "%%CITATION = ARXIV:0902.0688;%%"
}

@article{Slatyer:2009vg,
	author         = "Slatyer, Tracy R.",
	title          = "{The Sommerfeld enhancement for dark matter with an
	excited state}",
	journal        = "JCAP",
	volume         = "1002",
	year           = "2010",
	pages          = "028",
	doi            = "10.1088/1475-7516/2010/02/028",
	eprint         = "0910.5713",
	archivePrefix  = "arXiv",
	primaryClass   = "hep-ph",
	SLACcitation   = "%%CITATION = ARXIV:0910.5713;%%"
}

@article{Cassel:2009wt,
	author         = "Cassel, S.",
	title          = "{Sommerfeld factor for arbitrary partial wave processes}",
	journal        = "J. Phys.",
	volume         = "G37",
	year           = "2010",
	pages          = "105009",
	doi            = "10.1088/0954-3899/37/10/105009",
	eprint         = "0903.5307",
	archivePrefix  = "arXiv",
	primaryClass   = "hep-ph",
	reportNumber   = "OUTP-0910P",
	SLACcitation   = "%%CITATION = ARXIV:0903.5307;%%"
}

@article{Bezrukov:2009yw,
	author = "Bezrukov, F. and Gorbunov, D.",
	archivePrefix = "arXiv",
	doi = "10.1007/JHEP05(2010)010",
	eprint = "0912.0390",
	journal = "JHEP",
	pages = "010",
	primaryClass = "hep-ph",
	title = "{Light inflaton Hunter's Guide}",
	volume = "05",
	year = "2010"
}

@article{Cirelli:2016rnw,
	author         = "Cirelli, Marco and Panci, Paolo and Petraki, Kalliopi and
	Sala, Filippo and Taoso, Marco",
	title          = "{Dark Matter's secret liaisons: phenomenology of a dark
	U(1) sector with bound states}",
	journal        = "JCAP",
	volume         = "1705",
	year           = "2017",
	number         = "05",
	pages          = "036",
	doi            = "10.1088/1475-7516/2017/05/036",
	eprint         = "1612.07295",
	archivePrefix  = "arXiv",
	primaryClass   = "hep-ph",
	reportNumber   = "CERN-TH-2016-255, IFT-UAM-CSIC-16-144, NIKHEF-2016-062",
	SLACcitation   = "%%CITATION = ARXIV:1612.07295;%%"
}

@article{Bringmann:2016din,
	author         = "Bringmann, Torsten and Kahlhoefer, Felix and
	Schmidt-Hoberg, Kai and Walia, Parampreet",
	title          = "{Strong constraints on self-interacting dark matter with
	light mediators}",
	year           = "2016",
	eprint         = "1612.00845",
	archivePrefix  = "arXiv",
	primaryClass   = "hep-ph",
	reportNumber   = "DESY-16-226",
	SLACcitation   = "%%CITATION = ARXIV:1612.00845;%%"
}

@article{Markevitch:2003at,
	author         = "Markevitch, Maxim and Gonzalez, A. H. and Clowe, D. and
	Vikhlinin, A. and David, L. and Forman, W. and Jones, C.
	and Murray, S. and Tucker, W.",
	title          = "{Direct constraints on the dark matter self-interaction
	cross-section from the merging galaxy cluster 1E0657-56}",
	journal        = "Astrophys. J.",
	volume         = "606",
	year           = "2004",
	pages          = "819-824",
	doi            = "10.1086/383178",
	eprint         = "astro-ph/0309303",
	archivePrefix  = "arXiv",
	primaryClass   = "astro-ph",
	SLACcitation   = "%%CITATION = ASTRO-PH/0309303;%%"
}

@article{Randall:2007ph,
	author         = "Randall, Scott W. and Markevitch, Maxim and Clowe,
	Douglas and Gonzalez, Anthony H. and Bradac, Marusa",
	title          = "{Constraints on the Self-Interaction Cross-Section of
	Dark Matter from Numerical Simulations of the Merging
	Galaxy Cluster 1E 0657-56}",
	journal        = "Astrophys. J.",
	volume         = "679",
	year           = "2008",
	pages          = "1173-1180",
	doi            = "10.1086/587859",
	eprint         = "0704.0261",
	archivePrefix  = "arXiv",
	primaryClass   = "astro-ph",
	SLACcitation   = "%%CITATION = ARXIV:0704.0261;%%"
}

@article{Peter:2012jh,
	author         = "Peter, Annika H. G. and Rocha, Miguel and Bullock, James
	S. and Kaplinghat, Manoj",
	title          = "{Cosmological Simulations with Self-Interacting Dark
	Matter II: Halo Shapes vs. Observations}",
	journal        = "Mon. Not. Roy. Astron. Soc.",
	volume         = "430",
	year           = "2013",
	pages          = "105",
	doi            = "10.1093/mnras/sts535",
	eprint         = "1208.3026",
	archivePrefix  = "arXiv",
	primaryClass   = "astro-ph.CO",
	reportNumber   = "NSF-KITP-12-147",
	SLACcitation   = "%%CITATION = ARXIV:1208.3026;%%"
}

@article{Rocha:2012jg,
	author         = "Rocha, Miguel and Peter, Annika H. G. and Bullock, James
	S. and Kaplinghat, Manoj and Garrison-Kimmel, Shea and
	Onorbe, Jose and Moustakas, Leonidas A.",
	title          = "{Cosmological Simulations with Self-Interacting Dark
	Matter I: Constant Density Cores and Substructure}",
	journal        = "Mon. Not. Roy. Astron. Soc.",
	volume         = "430",
	year           = "2013",
	pages          = "81-104",
	doi            = "10.1093/mnras/sts514",
	eprint         = "1208.3025",
	archivePrefix  = "arXiv",
	primaryClass   = "astro-ph.CO",
	SLACcitation   = "%%CITATION = ARXIV:1208.3025;%%"
}

@article{Kahlhoefer:2013dca,
	author         = "Kahlhoefer, Felix and Schmidt-Hoberg, Kai and Frandsen,
	Mads T. and Sarkar, Subir",
	title          = "{Colliding clusters and dark matter self-interactions}",
	journal        = "Mon. Not. Roy. Astron. Soc.",
	volume         = "437",
	year           = "2014",
	number         = "3",
	pages          = "2865-2881",
	doi            = "10.1093/mnras/stt2097",
	eprint         = "1308.3419",
	archivePrefix  = "arXiv",
	primaryClass   = "astro-ph.CO",
	reportNumber   = "CERN-PH-TH-2013-194, NSF-KITP-13-140,
	CP3-ORIGINS-2013-029-DNRF90, --DIAS-2013-29, OUTP-13-14P",
	SLACcitation   = "%%CITATION = ARXIV:1308.3419;%%"
}

@article{Harvey:2015hha,
	author         = "Harvey, David and Massey, Richard and Kitching, Thomas
	and Taylor, Andy and Tittley, Eric",
	title          = "{The non-gravitational interactions of dark matter in
	colliding galaxy clusters}",
	journal        = "Science",
	volume         = "347",
	year           = "2015",
	pages          = "1462-1465",
	doi            = "10.1126/science.1261381",
	eprint         = "1503.07675",
	archivePrefix  = "arXiv",
	primaryClass   = "astro-ph.CO",
	SLACcitation   = "%%CITATION = ARXIV:1503.07675;%%"
}

@article{Kaplinghat:2015aga,
	author         = "Kaplinghat, Manoj and Tulin, Sean and Yu, Hai-Bo",
	title          = "{Dark Matter Halos as Particle Colliders: Unified
	Solution to Small-Scale Structure Puzzles from Dwarfs to
	Clusters}",
	journal        = "Phys. Rev. Lett.",
	volume         = "116",
	year           = "2016",
	number         = "4",
	pages          = "041302",
	doi            = "10.1103/PhysRevLett.116.041302",
	eprint         = "1508.03339",
	archivePrefix  = "arXiv",
	primaryClass   = "astro-ph.CO",
	SLACcitation   = "%%CITATION = ARXIV:1508.03339;%%"
}

@article{Athron:2018hpc,
	author         = "Athron, Peter and others",
	title          = "{Global analyses of Higgs portal singlet dark matter
	models using GAMBIT}",
	collaboration  = "GAMBIT",
	journal        = "Eur. Phys. J.",
	volume         = "C79",
	year           = "2019",
	number         = "1",
	pages          = "38",
	doi            = "10.1140/epjc/s10052-018-6513-6",
	eprint         = "1808.10465",
	archivePrefix  = "arXiv",
	primaryClass   = "hep-ph",
	reportNumber   = "CoEPP-MN-18-6, ADP-18-22/T1070, COEPP-MN-18-6,
	DESY-18-141, TTK-18-34",
	SLACcitation   = "%%CITATION = ARXIV:1808.10465;%%"
}

@article{Workgroup:2017lvb,
	author         = "Bringmann, Torsten and others",
	title          = "{DarkBit: A GAMBIT module for computing dark matter
	observables and likelihoods}",
	collaboration  = "The GAMBIT Dark Matter Workgroup",
	journal        = "Eur. Phys. J.",
	volume         = "C77",
	year           = "2017",
	number         = "12",
	pages          = "831",
	doi            = "10.1140/epjc/s10052-017-5155-4",
	eprint         = "1705.07920",
	archivePrefix  = "arXiv",
	primaryClass   = "hep-ph",
	reportNumber   = "DESY-17-235, NORDITA-2017-076",
	SLACcitation   = "%%CITATION = ARXIV:1705.07920;%%"
}

@article{Angloher:2015eza,
	author         = "Angloher, G. and others",
	title          = "{Probing low WIMP masses with the next generation of
	CRESST detector}",
	collaboration  = "CRESST",
	year           = "2015",
	eprint         = "1503.08065",
	archivePrefix  = "arXiv",
	primaryClass   = "astro-ph.IM",
	SLACcitation   = "%%CITATION = ARXIV:1503.08065;%%"
}

@article{Angloher:2017zkf,
	author         = "Angloher, G. and others",
	title          = "{Description of CRESST-II data}",
	collaboration  = "CRESST",
	year           = "2017",
	eprint         = "1701.08157",
	archivePrefix  = "arXiv",
	primaryClass   = "physics.ins-det",
	SLACcitation   = "%%CITATION = ARXIV:1701.08157;%%"
}



@article{PhysRevD.36.2211,
	title = {Bounds on hadronic axions from stellar evolution},
	author = {Raffelt, Georg G. and Dearborn, David S. P.},
	journal = {Phys. Rev. D},
	volume = {36},
	issue = {8},
	pages = {2211--2225},
	numpages = {0},
	year = {1987},
	month = {Oct},
	publisher = {American Physical Society},
	doi = {10.1103/PhysRevD.36.2211},
	url = {https://link.aps.org/doi/10.1103/PhysRevD.36.2211}
}


@article{Krnjaic:2015mbs,
	author         = "Krnjaic, Gordan",
	title          = "{Probing Light Thermal Dark-Matter With a Higgs Portal
	Mediator}",
	journal        = "Phys. Rev.",
	volume         = "D94",
	year           = "2016",
	number         = "7",
	pages          = "073009",
	doi            = "10.1103/PhysRevD.94.073009",
	eprint         = "1512.04119",
	archivePrefix  = "arXiv",
	primaryClass   = "hep-ph",
	reportNumber   = "FERMILAB-PUB-15-550-A",
	SLACcitation   = "%%CITATION = ARXIV:1512.04119;%%"
}

@article{Kahlhoefer:2017umn,
	author         = "Kahlhoefer, Felix and Schmidt-Hoberg, Kai and Wild,
	Sebastian",
	title          = "{Dark matter self-interactions from a general spin-0
	mediator}",
	journal        = "JCAP",
	volume         = "1708",
	year           = "2017",
	pages          = "003",
	doi            = "10.1088/1475-7516/2017/08/003",
	eprint         = "1704.02149",
	archivePrefix  = "arXiv",
	primaryClass   = "hep-ph",
	reportNumber   = "DESY-17-052",
	SLACcitation   = "%%CITATION = ARXIV:1704.02149;%%"
}

@article{Winkler:2018qyg,
	author = "Winkler, Martin Wolfgang",
	archivePrefix = "arXiv",
	doi = "10.1103/PhysRevD.99.015018",
	eprint = "1809.01876",
	journal = "Phys. Rev. D",
	number = "1",
	pages = "015018",
	primaryClass = "hep-ph",
	reportNumber = "NORDITA-2018-087",
	title = "{Decay and detection of a light scalar boson mixing with the Higgs boson}",
	volume = "99",
	year = "2019"
}

@article{Bringmann:2018lay,
	author         = "Bringmann, Torsten and Edsjö, Joakim and Gondolo, Paolo
	and Ullio, Piero and Bergström, Lars",
	title          = "{DarkSUSY 6 : An Advanced Tool to Compute Dark Matter
	Properties Numerically}",
	journal        = "JCAP",
	volume         = "1807",
	year           = "2018",
	pages          = "033",
	doi            = "10.1088/1475-7516/2018/07/033",
	eprint         = "1802.03399",
	archivePrefix  = "arXiv",
	primaryClass   = "hep-ph",
	SLACcitation   = "%%CITATION = ARXIV:1802.03399;%%"
}

@article{Duerr:2018mbd,
	author         = "Duerr, Michael and Schmidt-Hoberg, Kai and Wild,
	Sebastian",
	title          = "{Self-interacting dark matter with a stable vector
	mediator}",
	journal        = "JCAP",
	volume         = "1809",
	year           = "2018",
	pages          = "033",
	doi            = "10.1088/1475-7516/2018/09/033",
	eprint         = "1804.10385",
	archivePrefix  = "arXiv",
	primaryClass   = "hep-ph",
	reportNumber   = "DESY 18-051, DESY-18-051",
	SLACcitation   = "%%CITATION = ARXIV:1804.10385;%%"
}

@article{Fradette:2017sdd,
	author         = "Fradette, Anthony and Pospelov, Maxim",
	title          = "{BBN for the LHC: constraints on lifetimes of the Higgs
	portal scalars}",
	journal        = "Phys. Rev.",
	volume         = "D96",
	year           = "2017",
	number         = "7",
	pages          = "075033",
	doi            = "10.1103/PhysRevD.96.075033",
	eprint         = "1706.01920",
	archivePrefix  = "arXiv",
	primaryClass   = "hep-ph",
	SLACcitation   = "%%CITATION = ARXIV:1706.01920;%%"
}

@article{Gavela:2019cmq,
	author         = "Gavela, M. B. and No, J. M. and Sanz, V. and de
	Trocóniz, J. F.",
	title          = "{Non-Resonant Searches for Axion-Like Particles at the
	LHC}",
	journal        = "Phys. Rev. Lett.",
	volume         = "124",
	year           = "2020",
	number         = "5",
	pages          = "051802",
	doi            = "10.1103/PhysRevLett.124.051802",
	eprint         = "1905.12953",
	archivePrefix  = "arXiv",
	primaryClass   = "hep-ph",
	SLACcitation   = "%%CITATION = ARXIV:1905.12953;%%"
}

@article{Dolan:2017osp,
	author         = "Dolan, Matthew J. and Ferber, Torben and Hearty,
	Christopher and Kahlhoefer, Felix and Schmidt-Hoberg, Kai",
	title          = "{Revised constraints and Belle II sensitivity for visible
	and invisible axion-like particles}",
	journal        = "JHEP",
	volume         = "12",
	year           = "2017",
	pages          = "094",
	doi            = "10.1007/JHEP12(2017)094",
	eprint         = "1709.00009",
	archivePrefix  = "arXiv",
	primaryClass   = "hep-ph",
	reportNumber   = "DESY-17-127",
	SLACcitation   = "%%CITATION = ARXIV:1709.00009;%%"
}

@article{Bauer:2017nlg,
	author         = "Bauer, Martin and Neubert, Matthias and Thamm, Andrea",
	title          = "{LHC as an Axion Factory: Probing an Axion Explanation
	for $(g-2)_\mu$ with Exotic Higgs Decays}",
	journal        = "Phys. Rev. Lett.",
	volume         = "119",
	year           = "2017",
	number         = "3",
	pages          = "031802",
	doi            = "10.1103/PhysRevLett.119.031802",
	eprint         = "1704.08207",
	archivePrefix  = "arXiv",
	primaryClass   = "hep-ph",
	SLACcitation   = "%%CITATION = ARXIV:1704.08207;%%"
}

@article{Mimasu:2014nea,
	author         = "Mimasu, Ken and Sanz, Verónica",
	title          = "{ALPs at Colliders}",
	journal        = "JHEP",
	volume         = "06",
	year           = "2015",
	pages          = "173",
	doi            = "10.1007/JHEP06(2015)173",
	eprint         = "1409.4792",
	archivePrefix  = "arXiv",
	primaryClass   = "hep-ph",
	SLACcitation   = "%%CITATION = ARXIV:1409.4792;%%"
}

@article{Jaeckel:2015jla,
	author         = "Jaeckel, Joerg and Spannowsky, Michael",
	title          = "{Probing MeV to 90 GeV axion-like particles with LEP and
	LHC}",
	journal        = "Phys. Lett.",
	volume         = "B753",
	year           = "2016",
	pages          = "482-487",
	doi            = "10.1016/j.physletb.2015.12.037",
	eprint         = "1509.00476",
	archivePrefix  = "arXiv",
	primaryClass   = "hep-ph",
	SLACcitation   = "%%CITATION = ARXIV:1509.00476;%%"
}

@article{Izaguirre:2016dfi,
	author         = "Izaguirre, Eder and Lin, Tongyan and Shuve, Brian",
	title          = "{Searching for Axionlike Particles in Flavor-Changing
	Neutral Current Processes}",
	journal        = "Phys. Rev. Lett.",
	volume         = "118",
	year           = "2017",
	number         = "11",
	pages          = "111802",
	doi            = "10.1103/PhysRevLett.118.111802",
	eprint         = "1611.09355",
	archivePrefix  = "arXiv",
	primaryClass   = "hep-ph",
	reportNumber   = "SLAC-PUB-16876",
	SLACcitation   = "%%CITATION = ARXIV:1611.09355;%%"
}

@article{Knapen:2016moh,
	author         = "Knapen, Simon and Lin, Tongyan and Lou, Hou Keong and
	Melia, Tom",
	title          = "{Searching for Axionlike Particles with Ultraperipheral
	Heavy-Ion Collisions}",
	journal        = "Phys. Rev. Lett.",
	volume         = "118",
	year           = "2017",
	number         = "17",
	pages          = "171801",
	doi            = "10.1103/PhysRevLett.118.171801",
	eprint         = "1607.06083",
	archivePrefix  = "arXiv",
	primaryClass   = "hep-ph",
	SLACcitation   = "%%CITATION = ARXIV:1607.06083;%%"
}

@article{Brivio:2017ije,
	author         = "Brivio, I. and Gavela, M. B. and Merlo, L. and Mimasu, K.
	and No, J. M. and del Rey, R. and Sanz, V.",
	title          = "{ALPs Effective Field Theory and Collider Signatures}",
	journal        = "Eur. Phys. J.",
	volume         = "C77",
	year           = "2017",
	number         = "8",
	pages          = "572",
	doi            = "10.1140/epjc/s10052-017-5111-3",
	eprint         = "1701.05379",
	archivePrefix  = "arXiv",
	primaryClass   = "hep-ph",
	reportNumber   = "IFT-UAM-CSIC-16-141, KCL-PH-TH-2016-72, FTUAM-16-49,
	CP3-17-04",
	SLACcitation   = "%%CITATION = ARXIV:1701.05379;%%"
}

@article{Choi:2017gpf,
	author         = "Choi, Kiwoon and Im, Sang Hui and Park, Chan Beom and
	Yun, Seokhoon",
	title          = "{Minimal Flavor Violation with Axion-like Particles}",
	journal        = "JHEP",
	volume         = "11",
	year           = "2017",
	pages          = "070",
	doi            = "10.1007/JHEP11(2017)070",
	eprint         = "1708.00021",
	archivePrefix  = "arXiv",
	primaryClass   = "hep-ph",
	reportNumber   = "CTPU-17-30, KIAS-P17058",
	SLACcitation   = "%%CITATION = ARXIV:1708.00021;%%"
}

@article{Bauer:2017ris,
	author         = "Bauer, Martin and Neubert, Matthias and Thamm, Andrea",
	title          = "{Collider Probes of Axion-Like Particles}",
	journal        = "JHEP",
	volume         = "12",
	year           = "2017",
	pages          = "044",
	doi            = "10.1007/JHEP12(2017)044",
	eprint         = "1708.00443",
	archivePrefix  = "arXiv",
	primaryClass   = "hep-ph",
	reportNumber   = "MITP-17-047",
	SLACcitation   = "%%CITATION = ARXIV:1708.00443;%%"
}

@article{Hochberg:2018rjs,
	author         = "Hochberg, Yonit and Kuflik, Eric and Mcgehee, Robert and
	Murayama, Hitoshi and Schutz, Katelin",
	title          = "{Strongly interacting massive particles through the axion
	portal}",
	journal        = "Phys. Rev.",
	volume         = "D98",
	year           = "2018",
	number         = "11",
	pages          = "115031",
	doi            = "10.1103/PhysRevD.98.115031",
	eprint         = "1806.10139",
	archivePrefix  = "arXiv",
	primaryClass   = "hep-ph",
	reportNumber   = "DESY-18-101, IPMU18-0114",
	SLACcitation   = "%%CITATION = ARXIV:1806.10139;%%"
}

@article{Nomura:2008ru,
	author         = "Nomura, Yasunori and Thaler, Jesse",
	title          = "{Dark Matter through the Axion Portal}",
	journal        = "Phys. Rev.",
	volume         = "D79",
	year           = "2009",
	pages          = "075008",
	doi            = "10.1103/PhysRevD.79.075008",
	eprint         = "0810.5397",
	archivePrefix  = "arXiv",
	primaryClass   = "hep-ph",
	SLACcitation   = "%%CITATION = ARXIV:0810.5397;%%"
}

@article{Boehm:2014hva,
	author         = "Boehm, Céline and Dolan, Matthew J. and McCabe,
	Christopher and Spannowsky, Michael and Wallace, Chris J.",
	title          = "{Extended gamma-ray emission from Coy Dark Matter}",
	journal        = "JCAP",
	volume         = "1405",
	year           = "2014",
	pages          = "009",
	doi            = "10.1088/1475-7516/2014/05/009",
	eprint         = "1401.6458",
	archivePrefix  = "arXiv",
	primaryClass   = "hep-ph",
	reportNumber   = "IPPP-13-31, DCPT-13-62, SLAC-PUB-15893",
	SLACcitation   = "%%CITATION = ARXIV:1401.6458;%%"
}

@article{Krasznahorkay:2019lyl,
	author         = "Krasznahorkay, A. J. and others",
	title          = "{New evidence supporting the existence of the hypothetic
	X17 particle}",
	year           = "2019",
	eprint         = "1910.10459",
	archivePrefix  = "arXiv",
	primaryClass   = "nucl-ex",
	SLACcitation   = "%%CITATION = ARXIV:1910.10459;%%"
}

@article{Ellwanger:2016wfe,
	author         = "Ellwanger, Ulrich and Moretti, Stefano",
	title          = "{Possible Explanation of the Electron Positron Anomaly at
	17 MeV in $^8Be$ Transitions Through a Light
	Pseudoscalar}",
	journal        = "JHEP",
	volume         = "11",
	year           = "2016",
	pages          = "039",
	doi            = "10.1007/JHEP11(2016)039",
	eprint         = "1609.01669",
	archivePrefix  = "arXiv",
	primaryClass   = "hep-ph",
	reportNumber   = "LPT-ORSAY-16-54",
	SLACcitation   = "%%CITATION = ARXIV:1609.01669;%%"
}

@article{Marciano:2016yhf,
	author         = "Marciano, W. J. and Masiero, A. and Paradisi, P. and
	Passera, M.",
	title          = "{Contributions of axionlike particles to lepton dipole
	moments}",
	journal        = "Phys. Rev.",
	volume         = "D94",
	year           = "2016",
	number         = "11",
	pages          = "115033",
	doi            = "10.1103/PhysRevD.94.115033",
	eprint         = "1607.01022",
	archivePrefix  = "arXiv",
	primaryClass   = "hep-ph",
	SLACcitation   = "%%CITATION = ARXIV:1607.01022;%%"
}

@article{Chang:2000ii,
	author         = "Chang, Darwin and Chang, We-Fu and Chou, Chung-Hsien and
	Keung, Wai-Yee",
	title          = "{Large two loop contributions to g-2 from a generic
	pseudoscalar boson}",
	journal        = "Phys. Rev.",
	volume         = "D63",
	year           = "2001",
	pages          = "091301",
	doi            = "10.1103/PhysRevD.63.091301",
	eprint         = "hep-ph/0009292",
	archivePrefix  = "arXiv",
	primaryClass   = "hep-ph",
	reportNumber   = "SLAC-PUB-8601",
	SLACcitation   = "%%CITATION = HEP-PH/0009292;%%"
}

@article{Dine:1982ah,
	author         = "Dine, Michael and Fischler, Willy",
	title          = "{The Not So Harmless Axion}",
	journal        = "Phys. Lett.",
	volume         = "120B",
	year           = "1983",
	pages          = "137-141",
	doi            = "10.1016/0370-2693(83)90639-1",
	reportNumber   = "UPR-0201T",
	SLACcitation   = "%%CITATION = PHLTA,120B,137;%%"
}

@article{Abbott:1982af,
	author         = "Abbott, L. F. and Sikivie, P.",
	title          = "{A Cosmological Bound on the Invisible Axion}",
	journal        = "Phys. Lett.",
	volume         = "120B",
	year           = "1983",
	pages          = "133-136",
	doi            = "10.1016/0370-2693(83)90638-X",
	reportNumber   = "PRINT-82-0695 (BRANDEIS)",
	SLACcitation   = "%%CITATION = PHLTA,120B,133;%%"
}

@article{Arias:2012az,
	author         = "Arias, Paola and Cadamuro, Davide and Goodsell, Mark and
	Jaeckel, Joerg and Redondo, Javier and Ringwald, Andreas",
	title          = "{WISPy Cold Dark Matter}",
	journal        = "JCAP",
	volume         = "1206",
	year           = "2012",
	pages          = "013",
	doi            = "10.1088/1475-7516/2012/06/013",
	eprint         = "1201.5902",
	archivePrefix  = "arXiv",
	primaryClass   = "hep-ph",
	reportNumber   = "DESY-11-226, MPP-2011-140, CERN-PH-TH-2011-323,
	IPPP-11-80, DCPT-11-160",
	SLACcitation   = "%%CITATION = ARXIV:1201.5902;%%"
}

@article{Preskill:1982cy,
	author         = "Preskill, John and Wise, Mark B. and Wilczek, Frank",
	title          = "{Cosmology of the Invisible Axion}",
	journal        = "Phys. Lett.",
	volume         = "120B",
	year           = "1983",
	pages          = "127-132",
	doi            = "10.1016/0370-2693(83)90637-8",
	reportNumber   = "HUTP-82-A048, NSF-ITP-82-103",
	SLACcitation   = "%%CITATION = PHLTA,120B,127;%%"
}

@article{Jaeckel:2014qea,
	author         = "Jaeckel, Joerg and Redondo, Javier and Ringwald, Andreas",
	title          = "{3.55 keV hint for decaying axionlike particle dark
	matter}",
	journal        = "Phys. Rev.",
	volume         = "D89",
	year           = "2014",
	pages          = "103511",
	doi            = "10.1103/PhysRevD.89.103511",
	eprint         = "1402.7335",
	archivePrefix  = "arXiv",
	primaryClass   = "hep-ph",
	reportNumber   = "DESY-14-023, MPP-2014-41",
	SLACcitation   = "%%CITATION = ARXIV:1402.7335;%%"
}

@article{Hektor:2018lec,
	author         = "Hektor, Andi and Hütsi, Gert and Marzola, Luca and
	Vaskonen, Ville",
	title          = "{Constraints on ALPs and excited dark matter from the
	EDGES 21-cm absorption signal}",
	journal        = "Phys. Lett.",
	volume         = "B785",
	year           = "2018",
	pages          = "429-433",
	doi            = "10.1016/j.physletb.2018.09.009",
	eprint         = "1805.09319",
	archivePrefix  = "arXiv",
	primaryClass   = "hep-ph",
	SLACcitation   = "%%CITATION = ARXIV:1805.09319;%%"
}

@article{Cicoli:2014bfa,
	author         = "Cicoli, Michele and Conlon, Joseph P. and Marsh, M. C.
	David and Rummel, Markus",
	title          = "{3.55 keV photon line and its morphology from a
	3.55 keV axionlike particle line}",
	journal        = "Phys. Rev.",
	volume         = "D90",
	year           = "2014",
	pages          = "023540",
	doi            = "10.1103/PhysRevD.90.023540",
	eprint         = "1403.2370",
	archivePrefix  = "arXiv",
	primaryClass   = "hep-ph",
	SLACcitation   = "%%CITATION = ARXIV:1403.2370;%%"
}

@article{Meyer:2013pny,
	author         = "Meyer, Manuel and Horns, Dieter and Raue, Martin",
	title          = "{First lower limits on the photon-axion-like particle
	coupling from very high energy gamma-ray observations}",
	journal        = "Phys. Rev.",
	volume         = "D87",
	year           = "2013",
	number         = "3",
	pages          = "035027",
	doi            = "10.1103/PhysRevD.87.035027",
	eprint         = "1302.1208",
	archivePrefix  = "arXiv",
	primaryClass   = "astro-ph.HE",
	SLACcitation   = "%%CITATION = ARXIV:1302.1208;%%"
}

@article{Espinosa:2015eda,
	author         = "Espinosa, J. R. and Grojean, C. and Panico, G. and
	Pomarol, A. and Pujolàs, O. and Servant, G.",
	title          = "{Cosmological Higgs-Axion Interplay for a Naturally Small
	Electroweak Scale}",
	journal        = "Phys. Rev. Lett.",
	volume         = "115",
	year           = "2015",
	number         = "25",
	pages          = "251803",
	doi            = "10.1103/PhysRevLett.115.251803",
	eprint         = "1506.09217",
	archivePrefix  = "arXiv",
	primaryClass   = "hep-ph",
	SLACcitation   = "%%CITATION = ARXIV:1506.09217;%%"
}

@article{Hook:2014cda,
	author         = "Hook, Anson",
	title          = "{Anomalous solutions to the strong CP problem}",
	journal        = "Phys. Rev. Lett.",
	volume         = "114",
	year           = "2015",
	number         = "14",
	pages          = "141801",
	doi            = "10.1103/PhysRevLett.114.141801",
	eprint         = "1411.3325",
	archivePrefix  = "arXiv",
	primaryClass   = "hep-ph",
	SLACcitation   = "%%CITATION = ARXIV:1411.3325;%%"
}

@article{Fukuda:2015ana,
	author         = "Fukuda, Hajime and Harigaya, Keisuke and Ibe, Masahiro
	and Yanagida, Tsutomu T.",
	title          = "{Model of visible QCD axion}",
	journal        = "Phys. Rev.",
	volume         = "D92",
	year           = "2015",
	number         = "1",
	pages          = "015021",
	doi            = "10.1103/PhysRevD.92.015021",
	eprint         = "1504.06084",
	archivePrefix  = "arXiv",
	primaryClass   = "hep-ph",
	reportNumber   = "IPMU15-0050",
	SLACcitation   = "%%CITATION = ARXIV:1504.06084;%%"
}

@article{Arvanitaki:2009fg,
	author         = "Arvanitaki, Asimina and Dimopoulos, Savas and Dubovsky,
	Sergei and Kaloper, Nemanja and March-Russell, John",
	title          = "{String Axiverse}",
	journal        = "Phys. Rev.",
	volume         = "D81",
	year           = "2010",
	pages          = "123530",
	doi            = "10.1103/PhysRevD.81.123530",
	eprint         = "0905.4720",
	archivePrefix  = "arXiv",
	primaryClass   = "hep-th",
	SLACcitation   = "%%CITATION = ARXIV:0905.4720;%%"
}

@article{Cicoli:2012sz,
	author         = "Cicoli, Michele and Goodsell, Mark and Ringwald, Andreas",
	title          = "{The type IIB string axiverse and its low-energy
	phenomenology}",
	journal        = "JHEP",
	volume         = "10",
	year           = "2012",
	pages          = "146",
	doi            = "10.1007/JHEP10(2012)146",
	eprint         = "1206.0819",
	archivePrefix  = "arXiv",
	primaryClass   = "hep-th",
	reportNumber   = "DESY-12-058, CERN-PH-TH-2012-153",
	SLACcitation   = "%%CITATION = ARXIV:1206.0819;%%"
}

@article{Bellazzini:2017neg,
	author         = "Bellazzini, Brando and Mariotti, Alberto and Redigolo,
	Diego and Sala, Filippo and Serra, Javi",
	title          = "{$R$-axion at colliders}",
	journal        = "Phys. Rev. Lett.",
	volume         = "119",
	year           = "2017",
	number         = "14",
	pages          = "141804",
	doi            = "10.1103/PhysRevLett.119.141804",
	eprint         = "1702.02152",
	archivePrefix  = "arXiv",
	primaryClass   = "hep-ph",
	reportNumber   = "CERN-TH-2017-032, Saclay-t17/014",
	SLACcitation   = "%%CITATION = ARXIV:1702.02152;%%"
}

@article{Graham:2015cka,
	author         = "Graham, Peter W. and Kaplan, David E. and Rajendran,
	Surjeet",
	title          = "{Cosmological Relaxation of the Electroweak Scale}",
	journal        = "Phys. Rev. Lett.",
	volume         = "115",
	year           = "2015",
	number         = "22",
	pages          = "221801",
	doi            = "10.1103/PhysRevLett.115.221801",
	eprint         = "1504.07551",
	archivePrefix  = "arXiv",
	primaryClass   = "hep-ph",
	SLACcitation   = "%%CITATION = ARXIV:1504.07551;%%"
}

@article{Wilczek:1977pj,
	author         = "Wilczek, Frank",
	title          = "{Problem of Strong  $P$  and  $T$  Invariance in the
	Presence of Instantons}",
	journal        = "Phys. Rev. Lett.",
	volume         = "40",
	year           = "1978",
	pages          = "279-282",
	doi            = "10.1103/PhysRevLett.40.279",
	reportNumber   = "Print-77-0939 (COLUMBIA)",
	SLACcitation   = "%%CITATION = PRLTA,40,279;%%"
}

@article{Weinberg:1977ma,
	author         = "Weinberg, Steven",
	title          = "{A New Light Boson?}",
	journal        = "Phys. Rev. Lett.",
	volume         = "40",
	year           = "1978",
	pages          = "223-226",
	doi            = "10.1103/PhysRevLett.40.223",
	reportNumber   = "HUTP-77/A074",
	SLACcitation   = "%%CITATION = PRLTA,40,223;%%"
}

@article{Peccei:1977hh,
	author         = "Peccei, R. D. and Quinn, Helen R.",
	title          = "{CP Conservation in the Presence of Instantons}",
	journal        = "Phys. Rev. Lett.",
	volume         = "38",
	year           = "1977",
	pages          = "1440-1443",
	doi            = "10.1103/PhysRevLett.38.1440",
	note           = "[,328(1977)]",
	reportNumber   = "ITP-568-STANFORD",
	SLACcitation   = "%%CITATION = PRLTA,38,1440;%%"
}

@article{Domcke:2015iaa,
	author         = "Domcke, Valerie and Heisig, Jan",
	title          = "{Constraints on the reheating temperature from sizable
	tensor modes}",
	journal        = "Phys. Rev.",
	volume         = "D92",
	year           = "2015",
	number         = "10",
	pages          = "103515",
	doi            = "10.1103/PhysRevD.92.103515",
	eprint         = "1504.00345",
	archivePrefix  = "arXiv",
	primaryClass   = "astro-ph.CO",
	reportNumber   = "SISSA-17-2015-FISI, TTK-15-11",
	SLACcitation   = "%%CITATION = ARXIV:1504.00345;%%"
}


@article{Dobrich:2015jyk,
	author         = "D{\"o}brich, Babette and Jaeckel, Joerg and Kahlhoefer,
	Felix and Ringwald, Andreas and Schmidt-Hoberg, Kai",
	title          = "{ALPtraum: ALP production in proton beam dump
	experiments}",
	journal        = "JHEP",
	volume         = "02",
	year           = "2016",
	pages          = "018",
	doi            = "10.1007/JHEP02(2016)018",
	note           = "[JHEP02,018(2016)]",
	eprint         = "1512.03069",
	archivePrefix  = "arXiv",
	primaryClass   = "hep-ph",
	reportNumber   = "CERN-PH-TH-2015-293, DESY-15-237",
	SLACcitation   = "%%CITATION = ARXIV:1512.03069;%%"
}

@article{Bjorken:1988as,
	author         = "Bjorken, J. D. and Ecklund, S. and Nelson, W. R. and
	Abashian, A. and Church, C. and Lu, B. and Mo, L. W. and
	Nunamaker, T. A. and Rassmann, P.",
	title          = "{Search for Neutral Metastable Penetrating Particles
	Produced in the SLAC Beam Dump}",
	journal        = "Phys. Rev.",
	volume         = "D38",
	year           = "1988",
	pages          = "3375",
	doi            = "10.1103/PhysRevD.38.3375",
	reportNumber   = "FERMILAB-PUB-88-044, PRINT-88-0352 (FERMILAB)",
	SLACcitation   = "%%CITATION = PHRVA,D38,3375;%%"
}

@article{Svensson:1990pfo,
	author         = "Svensson, Roland and Zdziarski, Andrzej A.",
	title          = "{Photon-photon scattering of gamma rays at cosmological
	distances}",
	journal        = "Astrophys. J.",
	volume         = "349",
	year           = "1990",
	pages          = "415-428",
	doi            = "10.1086/168325",
	SLACcitation   = "%%CITATION = ASJOA,349,415;%%"
}

@article{Dolan:2014ska,
	author         = "Dolan, Matthew J. and Kahlhoefer, Felix and McCabe,
	Christopher and Schmidt-Hoberg, Kai",
	title          = "{A taste of dark matter: Flavour constraints on
	pseudoscalar mediators}",
	journal        = "JHEP",
	volume         = "03",
	year           = "2015",
	pages          = "171",
	doi            = "10.1007/JHEP07(2015)103, 10.1007/JHEP03(2015)171",
	note           = "[Erratum: JHEP07,103(2015)]",
	eprint         = "1412.5174",
	archivePrefix  = "arXiv",
	primaryClass   = "hep-ph",
	reportNumber   = "DESY-14-238, SLAC-PUB-16179",
	SLACcitation   = "%%CITATION = ARXIV:1412.5174;%%"
}

@article{Lee:2018lcj,
	author         = "Lee, Jun Seok",
	title          = "{Revisiting Supernova 1987A Limits on
	Axion-Like-Particles}",
	year           = "2018",
	eprint         = "1808.10136",
	archivePrefix  = "arXiv",
	primaryClass   = "hep-ph",
	SLACcitation   = "%%CITATION = ARXIV:1808.10136;%%"
}

@article{Jaeckel:2017tud,
	author         = "Jaeckel, J. and Malta, P. C. and Redondo, J.",
	title          = "{Decay photons from the axionlike particles burst of type
	II supernovae}",
	journal        = "Phys. Rev.",
	volume         = "D98",
	year           = "2018",
	number         = "5",
	pages          = "055032",
	doi            = "10.1103/PhysRevD.98.055032",
	eprint         = "1702.02964",
	archivePrefix  = "arXiv",
	primaryClass   = "hep-ph",
	SLACcitation   = "%%CITATION = ARXIV:1702.02964;%%"
}

@article{Bar:2019ifz,
	author         = "Bar, Nitsan and Blum, Kfir and D'amico, Guido",
	title          = "{Is there a supernova bound on axions?}",
	year           = "2019",
	eprint         = "1907.05020",
	archivePrefix  = "arXiv",
	primaryClass   = "hep-ph",
	reportNumber   = "CERN-TH-2019-109",
	SLACcitation   = "%%CITATION = ARXIV:1907.05020;%%"
}

@article{Bergsma:1985qz,
	author         = "Bergsma, F. and others",
	title          = "{Search for Axion Like Particle Production in 400-{GeV}
	Proton - Copper Interactions}",
	collaboration  = "CHARM",
	journal        = "Phys. Lett.",
	volume         = "157B",
	year           = "1985",
	pages          = "458-462",
	doi            = "10.1016/0370-2693(85)90400-9",
	reportNumber   = "CERN-EP-85-38",
	SLACcitation   = "%%CITATION = PHLTA,157B,458;%%"
}

@article{Blumlein:1990ay,
	author         = "Blumlein, J. and others",
	title          = "{Limits on neutral light scalar and pseudoscalar
	particles in a proton beam dump experiment}",
	journal        = "Z. Phys.",
	volume         = "C51",
	year           = "1991",
	pages          = "341-350",
	doi            = "10.1007/BF01548556",
	reportNumber   = "PHE-90-03",
	SLACcitation   = "%%CITATION = ZEPYA,C51,341;%%"
}

@article{Blumlein:1991xh,
	author         = "Blumlein, J. and others",
	title          = "{Limits on the mass of light (pseudo)scalar particles
	from Bethe-Heitler e+ e- and mu+ mu- pair production in a
	proton - iron beam dump experiment}",
	journal        = "Int. J. Mod. Phys.",
	volume         = "A7",
	year           = "1992",
	pages          = "3835-3850",
	doi            = "10.1142/S0217751X9200171X",
	reportNumber   = "PHE-91-11",
	SLACcitation   = "%%CITATION = IMPAE,A7,3835;%%"
}

@article{Riordan:1987aw,
	author         = "Riordan, E. M. and others",
	title          = "{A Search for Short Lived Axions in an Electron Beam Dump
	Experiment}",
	journal        = "Phys. Rev. Lett.",
	volume         = "59",
	year           = "1987",
	pages          = "755",
	doi            = "10.1103/PhysRevLett.59.755",
	reportNumber   = "SLAC-PUB-4280, UR-993, FERMILAB-PUB-87-251",
	SLACcitation   = "%%CITATION = PRLTA,59,755;%%"
}

@article{Krasny:1987eb,
	author         = "Krasny, M. W. and others",
	title          = "{Recent Searches For Shortlived Pseudoscalar Bosons In Electron Beam Dump Experiments}",
	journal      = "{High-energy physics. Proceedings, International
	Europhysics Conference, Uppsala, Sweden, June 25 - July 1}",
	year           = "1987",
	reportNumber   = "UR-1029, ER13065-508",
	SLACcitation   = "%%CITATION = UR-1029;%%"
}

@article{Dobrich:2017gcm,
	author         = "D{\"o}brich, Babette",
	title          = "{Axion-like Particles from Primakov production in
	beam-dumps}",
	booktitle      = "{Proceedings of the PHOTON-2017 Conference: CERN, Geneva,
	Switzerland, May 22-26, 2017}",
	journal        = "CERN Proc.",
	volume         = "1",
	year           = "2018",
	pages          = "253",
	doi            = "10.23727/CERN-Proceedings-2018-001.253",
	eprint         = "1708.05776",
	archivePrefix  = "arXiv",
	primaryClass   = "hep-ph",
	SLACcitation   = "%%CITATION = ARXIV:1708.05776;%%"
}

@article{Millea:2015qra,
	author         = "Millea, Marius and Knox, Lloyd and Fields, Brian",
	title          = "{New Bounds for Axions and Axion-Like Particles with
	keV-GeV Masses}",
	journal        = "Phys. Rev.",
	volume         = "D92",
	year           = "2015",
	number         = "2",
	pages          = "023010",
	doi            = "10.1103/PhysRevD.92.023010",
	eprint         = "1501.04097",
	archivePrefix  = "arXiv",
	primaryClass   = "astro-ph.CO",
	SLACcitation   = "%%CITATION = ARXIV:1501.04097;%%"
}

@article{Bolz:2000fu,
	author         = "Bolz, M. and Brandenburg, A. and Buchm{\"u}ller, W.",
	title          = "{Thermal production of gravitinos}",
	journal        = "Nucl. Phys.",
	volume         = "B606",
	year           = "2001",
	pages          = "518-544",
	doi            = "10.1016/S0550-3213(01)00132-8,
	10.1016/j.nuclphysb.2007.09.020",
	note           = "[Erratum: Nucl. Phys.B790,336(2008)]",
	eprint         = "hep-ph/0012052",
	archivePrefix  = "arXiv",
	primaryClass   = "hep-ph",
	reportNumber   = "DESY-00-167",
	SLACcitation   = "%%CITATION = HEP-PH/0012052;%%"
}

@article{Cadamuro:2011fd,
	author         = "Cadamuro, Davide and Redondo, Javier",
	title          = "{Cosmological bounds on pseudo Nambu-Goldstone bosons}",
	journal        = "JCAP",
	volume         = "1202",
	year           = "2012",
	pages          = "032",
	doi            = "10.1088/1475-7516/2012/02/032",
	eprint         = "1110.2895",
	archivePrefix  = "arXiv",
	primaryClass   = "hep-ph",
	reportNumber   = "MPP-2011-116",
	SLACcitation   = "%%CITATION = ARXIV:1110.2895;%%"
}

@article{Cadamuro:2010cz,
	author         = "Cadamuro, Davide and Hannestad, Steen and Raffelt, Georg
	and Redondo, Javier",
	title          = "{Cosmological bounds on sub-MeV mass axions}",
	journal        = "JCAP",
	volume         = "1102",
	year           = "2011",
	pages          = "003",
	doi            = "10.1088/1475-7516/2011/02/003",
	eprint         = "1011.3694",
	archivePrefix  = "arXiv",
	primaryClass   = "hep-ph",
	reportNumber   = "MPP-2010-148",
	SLACcitation   = "%%CITATION = ARXIV:1011.3694;%%"
}

@article{Akrami:2018vks,
	author         = "Akrami, Y. and others",
	title          = "{Planck 2018 results. I. Overview and the cosmological
	legacy of Planck}",
	collaboration  = "Planck",
	year           = "2018",
	eprint         = "1807.06205",
	archivePrefix  = "arXiv",
	primaryClass   = "astro-ph.CO",
	SLACcitation   = "%%CITATION = ARXIV:1807.06205;%%"
}

@article{Boudaud:2018oya,
	author         = "Boudaud, Mathieu and Lacroix, Thomas and Stref, Martin
	and Lavalle, Julien",
	title          = "{Robust cosmic-ray constraints on $p$-wave annihilating
	MeV dark matter}",
	journal        = "Phys. Rev.",
	volume         = "D99",
	year           = "2019",
	number         = "6",
	pages          = "061302",
	doi            = "10.1103/PhysRevD.99.061302",
	eprint         = "1810.01680",
	archivePrefix  = "arXiv",
	primaryClass   = "astro-ph.HE",
	reportNumber   = "LUPM:18-046",
	SLACcitation   = "%%CITATION = ARXIV:1810.01680;%%"
}

@article{Zhao:2016xie,
	author         = "Zhao, Yi and Bi, Xiao-Jun and Jia, Huan-Yu and Yin,
	Peng-Fei and Zhu, Feng-Rong",
	title          = "{Constraint on the velocity dependent dark matter
	annihilation cross section from Fermi-LAT observations of
	dwarf galaxies}",
	journal        = "Phys. Rev.",
	volume         = "D93",
	year           = "2016",
	number         = "8",
	pages          = "083513",
	doi            = "10.1103/PhysRevD.93.083513",
	eprint         = "1601.02181",
	archivePrefix  = "arXiv",
	primaryClass   = "astro-ph.HE",
	SLACcitation   = "%%CITATION = ARXIV:1601.02181;%%"
}

@article{Massari:2015xea,
	author         = "Massari, Andrea and Izaguirre, Eder and Essig, Rouven and
	Albert, Andrea and Bloom, Elliott and Gómez-Vargas,
	Germán Arturo",
	title          = "{Strong Optimized Conservative $Fermi$-LAT Constraints on
	Dark Matter Models from the Inclusive Photon Spectrum}",
	journal        = "Phys. Rev.",
	volume         = "D91",
	year           = "2015",
	number         = "8",
	pages          = "083539",
	doi            = "10.1103/PhysRevD.91.083539",
	eprint         = "1503.07169",
	archivePrefix  = "arXiv",
	primaryClass   = "hep-ph",
	SLACcitation   = "%%CITATION = ARXIV:1503.07169;%%"
}

@article{Essig:2013goa,
	author         = "Essig, Rouven and Kuflik, Eric and McDermott, Samuel D.
	and Volansky, Tomer and Zurek, Kathryn M.",
	title          = "{Constraining Light Dark Matter with Diffuse X-Ray and
	Gamma-Ray Observations}",
	journal        = "JHEP",
	volume         = "11",
	year           = "2013",
	pages          = "193",
	doi            = "10.1007/JHEP11(2013)193",
	eprint         = "1309.4091",
	archivePrefix  = "arXiv",
	primaryClass   = "hep-ph",
	reportNumber   = "YITP-SB-29-13, FERMILAB-PUB-13-377-A-T, MCTP-13-27",
	SLACcitation   = "%%CITATION = ARXIV:1309.4091;%%"
}

@article{Liu:2016cnk,
	author         = "Liu, Hongwan and Slatyer, Tracy R. and Zavala, Jesús",
	title          = "{Contributions to cosmic reionization from dark matter
	annihilation and decay}",
	journal        = "Phys. Rev.",
	volume         = "D94",
	year           = "2016",
	number         = "6",
	pages          = "063507",
	doi            = "10.1103/PhysRevD.94.063507",
	eprint         = "1604.02457",
	archivePrefix  = "arXiv",
	primaryClass   = "astro-ph.CO",
	reportNumber   = "MIT-CTP-4797",
	SLACcitation   = "%%CITATION = ARXIV:1604.02457;%%"
}

@article{Slatyer:2015jla,
	author         = "Slatyer, Tracy R.",
	title          = "{Indirect dark matter signatures in the cosmic dark ages.
	I. Generalizing the bound on s-wave dark matter
	annihilation from Planck results}",
	journal        = "Phys. Rev.",
	volume         = "D93",
	year           = "2016",
	number         = "2",
	pages          = "023527",
	doi            = "10.1103/PhysRevD.93.023527",
	eprint         = "1506.03811",
	archivePrefix  = "arXiv",
	primaryClass   = "hep-ph",
	reportNumber   = "MIT-CTP-4682",
	SLACcitation   = "%%CITATION = ARXIV:1506.03811;%%"
}

@article{Bringmann:2016ilk,
	author         = "Bringmann, Torsten and Ihle, Haavard Tveit and Kersten,
	Joern and Walia, Parampreet",
	title          = "{Suppressing structure formation at dwarf galaxy scales
	and below: late kinetic decoupling as a compelling
	alternative to warm dark matter}",
	journal        = "Phys. Rev.",
	volume         = "D94",
	year           = "2016",
	number         = "10",
	pages          = "103529",
	doi            = "10.1103/PhysRevD.94.103529",
	eprint         = "1603.04884",
	archivePrefix  = "arXiv",
	primaryClass   = "hep-ph",
	SLACcitation   = "%%CITATION = ARXIV:1603.04884;%%"
}

@article{Steigman:2012nb,
	author         = "Steigman, Gary and Dasgupta, Basudeb and Beacom, John F.",
	title          = "{Precise Relic WIMP Abundance and its Impact on Searches
	for Dark Matter Annihilation}",
	journal        = "Phys. Rev.",
	volume         = "D86",
	year           = "2012",
	pages          = "023506",
	doi            = "10.1103/PhysRevD.86.023506",
	eprint         = "1204.3622",
	archivePrefix  = "arXiv",
	primaryClass   = "hep-ph",
	SLACcitation   = "%%CITATION = ARXIV:1204.3622;%%"
}

@article{Kawasaki:2015yya,
	author         = "Kawasaki, Masahiro and Kohri, Kazunori and Moroi, Takeo
	and Takaesu, Yoshitaro",
	title          = "{Revisiting Big-Bang Nucleosynthesis Constraints on
	Dark-Matter Annihilation}",
	journal        = "Phys. Lett.",
	volume         = "B751",
	year           = "2015",
	pages          = "246-250",
	doi            = "10.1016/j.physletb.2015.10.048",
	eprint         = "1509.03665",
	archivePrefix  = "arXiv",
	primaryClass   = "hep-ph",
	reportNumber   = "UT-15-34, IPMU-15-0160, KEK-TH-1863, KEK-COSMO-183",
	SLACcitation   = "%%CITATION = ARXIV:1509.03665;%%"
}

@article{Jedamzik:2009uy,
	author         = "Jedamzik, Karsten and Pospelov, Maxim",
	title          = "{Big Bang Nucleosynthesis and Particle Dark Matter}",
	journal        = "New J. Phys.",
	volume         = "11",
	year           = "2009",
	pages          = "105028",
	doi            = "10.1088/1367-2630/11/10/105028",
	eprint         = "0906.2087",
	archivePrefix  = "arXiv",
	primaryClass   = "hep-ph",
	SLACcitation   = "%%CITATION = ARXIV:0906.2087;%%"
}

@article{Hisano:2009rc,
	author         = "Hisano, Junji and Kawasaki, Masahiro and Kohri, Kazunori
	and Moroi, Takeo and Nakayama, Kazunori",
	title          = "{Cosmic Rays from Dark Matter Annihilation and Big-Bang
	Nucleosynthesis}",
	journal        = "Phys. Rev.",
	volume         = "D79",
	year           = "2009",
	pages          = "083522",
	doi            = "10.1103/PhysRevD.79.083522",
	eprint         = "0901.3582",
	archivePrefix  = "arXiv",
	primaryClass   = "hep-ph",
	reportNumber   = "ICRR-REPORT-536, IPMU-09-0008, TU-837",
	SLACcitation   = "%%CITATION = ARXIV:0901.3582;%%"
}

@article{Dutra:2018gmv,
	author         = "Dutra, Maíra and Lindner, Manfred and Profumo, Stefano
	and Queiroz, Farinaldo S. and Rodejohann, Werner and
	Siqueira, Clarissa",
	title          = "{MeV Dark Matter Complementarity and the Dark Photon
	Portal}",
	journal        = "JCAP",
	volume         = "1803",
	year           = "2018",
	pages          = "037",
	doi            = "10.1088/1475-7516/2018/03/037",
	eprint         = "1801.05447",
	archivePrefix  = "arXiv",
	primaryClass   = "hep-ph",
	reportNumber   = "IIPDM-2018-01",
	SLACcitation   = "%%CITATION = ARXIV:1801.05447;%%"
}

@article{Darme:2017glc,
	author         = "Darmé, Luc and Rao, Soumya and Roszkowski, Leszek",
	title          = "{Light dark Higgs boson in minimal sub-GeV dark matter
	scenarios}",
	journal        = "JHEP",
	volume         = "03",
	year           = "2018",
	pages          = "084",
	doi            = "10.1007/JHEP03(2018)084",
	eprint         = "1710.08430",
	archivePrefix  = "arXiv",
	primaryClass   = "hep-ph",
	SLACcitation   = "%%CITATION = ARXIV:1710.08430;%%"
}

@article{Knapen:2017xzo,
	author         = "Knapen, Simon and Lin, Tongyan and Zurek, Kathryn M.",
	title          = "{Light Dark Matter: Models and Constraints}",
	journal        = "Phys. Rev.",
	volume         = "D96",
	year           = "2017",
	number         = "11",
	pages          = "115021",
	doi            = "10.1103/PhysRevD.96.115021",
	eprint         = "1709.07882",
	archivePrefix  = "arXiv",
	primaryClass   = "hep-ph",
	SLACcitation   = "%%CITATION = ARXIV:1709.07882;%%"
}

@article{Alexander:2016aln,
	author         = "Alexander, Jim and others",
	title          = "{Dark Sectors 2016 Workshop: Community Report}",
	url            = "http://lss.fnal.gov/archive/2016/conf/fermilab-conf-16-421.pdf",
	year           = "2016",
	eprint         = "1608.08632",
	archivePrefix  = "arXiv",
	primaryClass   = "hep-ph",
	reportNumber   = "FERMILAB-CONF-16-421",
	SLACcitation   = "%%CITATION = ARXIV:1608.08632;%%"
}

@article{Agnese:2015nto,
	author         = "Agnese, R. and others",
	title          = "{New Results from the Search for Low-Mass Weakly
	Interacting Massive Particles with the CDMS Low Ionization
	Threshold Experiment}",
	collaboration  = "SuperCDMS",
	journal        = "Phys. Rev. Lett.",
	volume         = "116",
	year           = "2016",
	number         = "7",
	pages          = "071301",
	doi            = "10.1103/PhysRevLett.116.071301",
	eprint         = "1509.02448",
	archivePrefix  = "arXiv",
	primaryClass   = "astro-ph.CO",
	reportNumber   = "IPPP-15-56, DCTP-15-112, FERMILAB-PUB-15-394-AE",
	SLACcitation   = "%%CITATION = ARXIV:1509.02448;%%"
}

@article{Angloher:2015ewa,
	author         = "Angloher, G. and others",
	title          = "{Results on light dark matter particles with a
	low-threshold CRESST-II detector}",
	collaboration  = "CRESST",
	journal        = "Eur. Phys. J.",
	volume         = "C76",
	year           = "2016",
	number         = "1",
	pages          = "25",
	doi            = "10.1140/epjc/s10052-016-3877-3",
	eprint         = "1509.01515",
	archivePrefix  = "arXiv",
	primaryClass   = "astro-ph.CO",
	SLACcitation   = "%%CITATION = ARXIV:1509.01515;%%"
}

@article{Aprile:2018dbl,
	author         = "Aprile, E. and others",
	title          = "{Dark Matter Search Results from a One Ton-Year Exposure
	of XENON1T}",
	collaboration  = "XENON",
	journal        = "Phys. Rev. Lett.",
	volume         = "121",
	year           = "2018",
	number         = "11",
	pages          = "111302",
	doi            = "10.1103/PhysRevLett.121.111302",
	eprint         = "1805.12562",
	archivePrefix  = "arXiv",
	primaryClass   = "astro-ph.CO",
	SLACcitation   = "%%CITATION = ARXIV:1805.12562;%%"
}

@article{Kahlhoefer:2017dnp,
	author         = "Kahlhoefer, Felix",
	title          = "{Review of LHC Dark Matter Searches}",
	journal        = "Int. J. Mod. Phys.",
	volume         = "A32",
	year           = "2017",
	number         = "13",
	pages          = "1730006",
	doi            = "10.1142/S0217751X1730006X",
	eprint         = "1702.02430",
	archivePrefix  = "arXiv",
	primaryClass   = "hep-ph",
	reportNumber   = "DESY-17-024",
	SLACcitation   = "%%CITATION = ARXIV:1702.02430;%%"
}

@article{Aaboud:2016tnv,
	author         = "Aaboud, Morad and others",
	title          = "{Search for new phenomena in final states with an
	energetic jet and large missing transverse momentum in
	$pp$ collisions at $\sqrt{s}=13$  TeV using the ATLAS
	detector}",
	collaboration  = "ATLAS",
	journal        = "Phys. Rev.",
	volume         = "D94",
	year           = "2016",
	number         = "3",
	pages          = "032005",
	doi            = "10.1103/PhysRevD.94.032005",
	eprint         = "1604.07773",
	archivePrefix  = "arXiv",
	primaryClass   = "hep-ex",
	reportNumber   = "CERN-EP-2016-075",
	SLACcitation   = "%%CITATION = ARXIV:1604.07773;%%"
}

@article{Binder:2017rgn,
	author = "Binder, Tobias and Bringmann, Torsten and Gustafsson, Michael and Hryczuk, Andrzej",
	archivePrefix = "arXiv",
	doi = "10.1103/PhysRevD.96.115010",
	eprint = "1706.07433",
	journal = "Phys.\ Rev.\ D",
	number = "11",
	pages = "115010",
	primaryClass = "astro-ph.CO",
	title = "{Early kinetic decoupling of dark matter: when the standard way of calculating the thermal relic density fails}",
	volume = "96",
	year = "2017"
}

@article{Kawasaki:2017bqm,
	author = "Kawasaki, Masahiro and Kohri, Kazunori and Moroi, Takeo and Takaesu, Yoshitaro",
	archivePrefix = "arXiv",
	doi = "10.1103/PhysRevD.97.023502",
	eprint = "1709.01211",
	journal = "Phys.\ Rev.\ D",
	number = "2",
	pages = "023502",
	primaryClass = "hep-ph",
	reportNumber = "KEK-COSMO-211, IPMU17-0117, UT-17-29, KEK-Cosmo-211, KEK-TH-1998",
	title = "{Revisiting Big-Bang Nucleosynthesis Constraints on Long-Lived Decaying Particles}",
	volume = "97",
	year = "2018"
}

@article{Kawasaki:2004qu,
	author = "Kawasaki, Masahiro and Kohri, Kazunori and Moroi, Takeo",
	archivePrefix = "arXiv",
	doi = "10.1103/PhysRevD.71.083502",
	eprint = "astro-ph/0408426",
	journal = "Phys.\ Rev.\ D",
	pages = "083502",
	reportNumber = "ICRR-REPORT-508-2004-6, OU-TAP-234, TU-727",
	title = "{Big-Bang nucleosynthesis and hadronic decay of long-lived massive particles}",
	volume = "71",
	year = "2005"
}

@inproceedings{Kohri:2003iu,
	author = "Kohri, Kazunori and Kawasaki, M. and Moroi, Takeo",
	booktitle = "{Origin of matter and evolution of galaxies. Proceedings, International Symposium, OMEG'03, Wako, Japan, November 17-19, 2003}",
	month = "11",
	pages = "41--43",
	title = "{Hadronic decay of SUSY particle and destruction of light elements}",
	year = "2003"
}

@article{Kawasaki:2004yh,
	author = "Kawasaki, Masahiro and Kohri, Kazunori and Moroi, Takeo",
	archivePrefix = "arXiv",
	doi = "10.1016/j.physletb.2005.08.045",
	eprint = "astro-ph/0402490",
	journal = "Phys.\ Lett.\ B",
	pages = "7--12",
	reportNumber = "RESCEU-04-04, OU-TAP-225, TU-710",
	title = "{Hadronic decay of late - decaying particles and Big-Bang Nucleosynthesis}",
	volume = "625",
	year = "2005"
}

@article{Fields:2011zzb,
	author         = "Fields, Brian D.",
	title          = "{The primordial lithium problem}",
	journal        = "Ann. Rev. Nucl. Part. Sci.",
	volume         = "61",
	year           = "2011",
	pages          = "47-68",
	doi            = "10.1146/annurev-nucl-102010-130445",
	eprint         = "1203.3551",
	archivePrefix  = "arXiv",
	primaryClass   = "astro-ph.CO",
	SLACcitation   = "%%CITATION = ARXIV:1203.3551;%%"
}

@article{Nollett:2013pwa,
      author         = "Nollett, Kenneth M. and Steigman, Gary",
      title          = "{BBN And The CMB Constrain Light, Electromagnetically
                        Coupled WIMPs}",
      journal        = "Phys. Rev.",
      volume         = "D89",
      year           = "2014",
      number         = "8",
      pages          = "083508",
      doi            = "10.1103/PhysRevD.89.083508",
      eprint         = "1312.5725",
      archivePrefix  = "arXiv",
      primaryClass   = "astro-ph.CO",
      SLACcitation   = "%%CITATION = ARXIV:1312.5725;%%"
}

@article{Boehm:2013jpa,
      author         = "Boehm, Céline and Dolan, Matthew J. and McCabe,
                        Christopher",
      title          = "{A Lower Bound on the Mass of Cold Thermal Dark Matter
                        from Planck}",
      journal        = "JCAP",
      volume         = "1308",
      year           = "2013",
      pages          = "041",
      doi            = "10.1088/1475-7516/2013/08/041",
      eprint         = "1303.6270",
      archivePrefix  = "arXiv",
      primaryClass   = "hep-ph",
      reportNumber   = "IPPP-13-18, DCPT-13-36",
      SLACcitation   = "%%CITATION = ARXIV:1303.6270;%%"
}

@article{Escudero:2018mvt,
      author         = "Escudero, Miguel",
      title          = "{Neutrino decoupling beyond the Standard Model: CMB
                        constraints on the Dark Matter mass with a fast and
                        precise $N_{\rm eff}$ evaluation}",
      journal        = "JCAP",
      volume         = "1902",
      year           = "2019",
      pages          = "007",
      doi            = "10.1088/1475-7516/2019/02/007",
      eprint         = "1812.05605",
      archivePrefix  = "arXiv",
      primaryClass   = "hep-ph",
      reportNumber   = "KCL-2018-76",
      SLACcitation   = "%%CITATION = ARXIV:1812.05605;%%"
}

@article{Wells:1994qy,
      author         = "Wells, James D.",
      title          = "{Annihilation cross-sections for relic densities in the
                        low velocity limit}",
      year           = "1994",
      eprint         = "hep-ph/9404219",
      archivePrefix  = "arXiv",
      primaryClass   = "hep-ph",
      reportNumber   = "UM-TH-94-10",
      SLACcitation   = "%%CITATION = HEP-PH/9404219;%%"
}

@article{Poulin:2015woa,
      author         = "Poulin, Vivian and Serpico, Pasquale D.",
      title          = "{Loophole to the Universal Photon Spectrum in
                        Electromagnetic Cascades and Application to the
                        Cosmological Lithium Problem}",
      journal        = "Phys. Rev. Lett.",
      volume         = "114",
      year           = "2015",
      number         = "9",
      pages          = "091101",
      doi            = "10.1103/PhysRevLett.114.091101",
      eprint         = "1502.01250",
      archivePrefix  = "arXiv",
      primaryClass   = "astro-ph.CO",
      reportNumber   = "LAPTH-228-14",
      SLACcitation   = "%%CITATION = ARXIV:1502.01250;%%"
}

@article{Shvartsman:1969mm,
      author         = "Shvartsman, V. F.",
      title          = "{Density of relict particles with zero rest mass in the
                        universe}",
      journal        = "Pisma Zh. Eksp. Teor. Fiz.",
      volume         = "9",
      year           = "1969",
      pages          = "315-317",
      note           = "[JETP Lett.9,184(1969)]",
      SLACcitation   = "%%CITATION = ZFPRA,9,315;%%"
}

@article{Menestrina:2011mz,
      author         = "Menestrina, Justin L. and Scherrer, Robert J.",
      title          = "{Dark Radiation from Particle Decays during Big Bang
                        Nucleosynthesis}",
      journal        = "Phys. Rev.",
      volume         = "D85",
      year           = "2012",
      pages          = "047301",
      doi            = "10.1103/PhysRevD.85.047301",
      eprint         = "1111.0605",
      archivePrefix  = "arXiv",
      primaryClass   = "astro-ph.CO",
      SLACcitation   = "%%CITATION = ARXIV:1111.0605;%%"
}

@ARTICLE{1988ApJ...331...33S,
   author = {Scherrer, R.~J. and Turner, M.~S.},
    title = "{Primordial Nucleosynthesis with Decaying Particles. II. Inert Decays}",
  journal = {Astrophysical Journal},
 keywords = {EARLY UNIVERSE, ELEMENTARY PARTICLES, NUCLEAR REACTIONS, NUCLEOSYNTHESIS},
     year = 1988,
    month = aug,
   volume = 331,
    pages = {33},
      doi = {10.1086/166535},
   adsurl = {http://adsabs.harvard.edu/abs/1988ApJ...331...33S},
  adsnote = {Provided by the SAO/NASA Astrophysics Data System}
}

@article{Scherrer:1987rr,
      author         = "Scherrer, Robert J. and Turner, Michael S.",
      title          = "{Primordial Nucleosynthesis with Decaying Particles. 1.
                        Entropy Producing Decays. 2. Inert Decays}",
      journal        = "Astrophys. J.",
      volume         = "331",
      year           = "1988",
      pages          = "19-32",
      doi            = "10.1086/166534",
      note           = "[Astrophys. J.331,33(1988)]",
      reportNumber   = "FERMILAB-PUB-87-099-A, EFI-85-87-CHICAGO,
                        FERMILAB-PUB-85-170-A",
      SLACcitation   = "%%CITATION = ASJOA,331,19;%%"
}

@ARTICLE{2020SciPy-NMeth,
      author = "Virtanen, P. and Collaborators",
      title = "{SciPy 1.0: Fundamental Algorithms for Scientific
                  Computing in Python}",
      journal = {Nature Methods},
      year = "2020",
      volume={17},
      pages={261--272},
      adsurl = {https://rdcu.be/b08Wh},
      doi = {https://doi.org/10.1038/s41592-019-0686-2},
}

@article{Cyburt:2002uv,
      author         = "Cyburt, Richard H. and Ellis, John R. and Fields, Brian
                        D. and Olive, Keith A.",
      title          = "{Updated nucleosynthesis constraints on unstable relic
                        particles}",
      journal        = "Phys. Rev.",
      volume         = "D67",
      year           = "2003",
      pages          = "103521",
      doi            = "10.1103/PhysRevD.67.103521",
      eprint         = "astro-ph/0211258",
      archivePrefix  = "arXiv",
      primaryClass   = "astro-ph",
      reportNumber   = "CERN-TH-2002-207, UMN-TH-2115-02, TPI-MINN-02-44",
      SLACcitation   = "%%CITATION = ASTRO-PH/0211258;%%"
}

@article{Grohs:2015tfy,
      author         = "Grohs, E. and Fuller, G. M. and Kishimoto, C. T. and
                        Paris, M. W. and Vlasenko, A.",
      title          = "{Neutrino energy transport in weak decoupling and big
                        bang nucleosynthesis}",
      journal        = "Phys. Rev.",
      volume         = "D93",
      year           = "2016",
      number         = "8",
      pages          = "083522",
      doi            = "10.1103/PhysRevD.93.083522",
      eprint         = "1512.02205",
      archivePrefix  = "arXiv",
      primaryClass   = "astro-ph.CO",
      SLACcitation   = "%%CITATION = ARXIV:1512.02205;%%"
}

@article{Mangano:2001iu,
      author         = "Mangano, G. and Miele, G. and Pastor, S. and Peloso, M.",
      title          = "{A Precision calculation of the effective number of
                        cosmological neutrinos}",
      journal        = "Phys. Lett.",
      volume         = "B534",
      year           = "2002",
      pages          = "8-16",
      doi            = "10.1016/S0370-2693(02)01622-2",
      eprint         = "astro-ph/0111408",
      archivePrefix  = "arXiv",
      primaryClass   = "astro-ph",
      reportNumber   = "DSF-37-2001, MPI-PHT-2001-51",
      SLACcitation   = "%%CITATION = ASTRO-PH/0111408;%%"
}

@article{Farina:2016llk,
    author = "Farina, Marco and Pappadopulo, Duccio and Ruderman, Joshua T. and Trevisan, Gabriele",
    archivePrefix = "arXiv",
    doi = "10.1007/JHEP12(2016)039",
    eprint = "1607.03108",
    journal = "JHEP",
    pages = "039",
    primaryClass = "hep-ph",
    title = "{Phases of Cannibal Dark Matter}",
    volume = "12",
    year = "2016"
}

@article{Jedamzik:2006xz,
      author         = "Jedamzik, Karsten",
      title          = "{Big bang nucleosynthesis constraints on hadronically and
                        electromagnetically decaying relic neutral particles}",
      journal        = "Phys. Rev.",
      volume         = "D74",
      year           = "2006",
      pages          = "103509",
      doi            = "10.1103/PhysRevD.74.103509",
      eprint         = "hep-ph/0604251",
      archivePrefix  = "arXiv",
      primaryClass   = "hep-ph",
      SLACcitation   = "%%CITATION = HEP-PH/0604251;%%"
}

@article{Kawasaki:1994sc,
      author         = "Kawasaki, M. and Moroi, T.",
      title          = "{Electromagnetic cascade in the early universe and its
                        application to the big bang nucleosynthesis}",
      journal        = "Astrophys. J.",
      volume         = "452",
      year           = "1995",
      pages          = "506",
      doi            = "10.1086/176324",
      eprint         = "astro-ph/9412055",
      archivePrefix  = "arXiv",
      primaryClass   = "astro-ph",
      reportNumber   = "TU-474, ICRR-333-94-28",
      SLACcitation   = "%%CITATION = ASTRO-PH/9412055;%%"
}

@article{Bennett:2019ewm,
	author         = "Bennett, Jack J. and Buldgen, Gilles and Drewes, Marco
	and Wong, Yvonne Y. Y.",
	title          = "{Towards a precision calculation of the effective number
	of neutrinos $N_{\rm eff}$ in the Standard Model I: The
	QED equation of state}",
	journal        = "JCAP",
	volume         = "2003",
	year           = "2020",
	number         = "03",
	pages          = "003",
	doi            = "10.1088/1475-7516/2020/03/003",
	eprint         = "1911.04504",
	archivePrefix  = "arXiv",
	primaryClass   = "hep-ph",
	SLACcitation   = "%%CITATION = ARXIV:1911.04504;%%"
}

@article{Fiorentini:1998fv,
	author         = "Fiorentini, G. and Lisi, E. and Sarkar, Subir and
	Villante, F. L.",
	title          = "{Quantifying uncertainties in primordial nucleosynthesis
	without Monte Carlo simulations}",
	journal        = "Phys. Rev.",
	volume         = "D58",
	year           = "1998",
	pages          = "063506",
	doi            = "10.1103/PhysRevD.58.063506",
	eprint         = "astro-ph/9803177",
	archivePrefix  = "arXiv",
	primaryClass   = "astro-ph",
	reportNumber   = "INFN-FE-02-98, BARI-TH-297-98, OUTP-98-14-P",
	SLACcitation   = "%%CITATION = ASTRO-PH/9803177;%%"
}

@article{Korn:2006tv,
      author         = "Korn, Andreas J. and Grundahl, F. and Richard, O. and
                        Barklem, P. S. and Mashonkina, L. and Collet, R. and
                        Piskunov, N. and Gustafsson, B.",
      title          = "{A probable stellar solution to the cosmological lithium
                        discrepancy}",
      journal        = "Nature",
      volume         = "442",
      year           = "2006",
      pages          = "657-659",
      doi            = "10.1038/nature05011",
      eprint         = "astro-ph/0608201",
      archivePrefix  = "arXiv",
      primaryClass   = "astro-ph",
      SLACcitation   = "%%CITATION = ASTRO-PH/0608201;%%"
}

@article{VangioniFlam:2002sa,
      author         = "Vangioni-Flam, Elisabeth and Olive, Keith A. and Fields,
                        Brian D. and Casse, Michel",
      title          = "{On the baryometric status of He-3}",
      journal        = "Astrophys. J.",
      volume         = "585",
      year           = "2003",
      pages          = "611-616",
      doi            = "10.1086/346232",
      eprint         = "astro-ph/0207583",
      archivePrefix  = "arXiv",
      primaryClass   = "astro-ph",
      reportNumber   = "UMN-TH-2106-02, TPI-MINN-02-21",
      SLACcitation   = "%%CITATION = ASTRO-PH/0207583;%%"
}

@Inbook{Bania2007,
author="Bania, T. M.
and Rood, R. T.
and Balser, D. S.",
title="The Milky Way 3-Helium Abundance",
bookTitle="The Composition of Matter",
year="2007",
publisher="Springer New York",
address="New York, NY",
pages="53--62",
doi="10.1007/978-0-387-74184-0_6",
url="https://doi.org/10.1007/978-0-387-74184-0_6"
}

@article{refId0,
	author = {{Izotov, Y. I.} and {Stasi\'{}nska, G.} and {Guseva, N. G.}},
	title = {Primordial 4He abundance: a determination based on
          the largest sample of H II regions with a methodology tested on model H II regions},
	DOI= "10.1051/0004-6361/201220782",
	url= "https://doi.org/10.1051/0004-6361/201220782",
	journal = {A\&A},
	year = 2013,
	volume = 558,
	pages = "A57",
	month = "",
}

@article{Izotov:2014fga,
      author         = "Izotov, Y. I. and Thuan, T. X. and Guseva, N. G.",
      title          = "{A new determination of the primordial He abundance using
                        the He i $\lambda$10830 Å emission line: cosmological
                        implications}",
      journal        = "Mon. Not. Roy. Astron. Soc.",
      volume         = "445",
      year           = "2014",
      number         = "1",
      pages          = "778-793",
      doi            = "10.1093/mnras/stu1771",
      eprint         = "1408.6953",
      archivePrefix  = "arXiv",
      primaryClass   = "astro-ph.CO",
      SLACcitation   = "%%CITATION = ARXIV:1408.6953;%%"
}

@article{Aver_2015,
	doi = {10.1088/1475-7516/2015/07/011},
	url = {https://doi.org/10.1088%2F1475-7516%2F2015%2F07%2F011},
	year = 2015,
	month = {jul},
	publisher = {{IOP} Publishing},
	volume = {2015},
	number = {07},
	pages = {011--011},
	author = {Erik Aver and Keith A. Olive and Evan D. Skillman},
	title = {The effects of He I $\uplambda$10830 on helium abundance determinations},
	journal = {Journal of Cosmology and Astroparticle Physics}
}

@article{Balashev:2015hoe,
      author         = "Balashev, S. A. and Zavarygin, E. O. and Ivanchik, A. V.
                        and Telikova, K. N. and Varshalovich, D. A.",
      title          = "{The primordial deuterium abundance: subDLA system at
                        $z_{\rm abs}=2.437$ towards the QSO J 1444+2919}",
      journal        = "Mon. Not. Roy. Astron. Soc.",
      volume         = "458",
      year           = "2016",
      number         = "2",
      pages          = "2188-2198",
      doi            = "10.1093/mnras/stw356",
      eprint         = "1511.01797",
      archivePrefix  = "arXiv",
      primaryClass   = "astro-ph.GA",
      SLACcitation   = "%%CITATION = ARXIV:1511.01797;%%"
}

@article{10.1093/mnras/sty1003,
    author = {Zavarygin, E O and Webb, J K and Dumont, V and Riemer-Sørensen, S},
    title = "{The primordial deuterium abundance at zabs = 2.504 from a high signal-to-noise spectrum of Q1009+2956}",
    journal = {Monthly Notices of the Royal Astronomical Society},
    volume = {477},
    number = {4},
    pages = {5536-5553},
    year = {2018},
    month = {04},
    issn = {0035-8711},
    doi = {10.1093/mnras/sty1003},
    url = {https://doi.org/10.1093/mnras/sty1003},
    eprint = {https://academic.oup.com/mnras/article-pdf/477/4/5536/24955686/sty1003.pdf},
}

@article{Cooke_2016,
	doi = {10.3847/0004-637x/830/2/148},
	url = {https://doi.org/10.3847%2F0004-637x%2F830%2F2%2F148},
	year = 2016,
	month = {oct},
	publisher = {American Astronomical Society},
	volume = {830},
	number = {2},
	pages = {148},
	author = {Ryan J. Cooke and Max Pettini and Kenneth M. Nollett and Regina Jorgenson},
	title = {{THE} {PRIMORDIAL} {DEUTERIUM} {ABUNDANCE} {OF} {THE} {MOST} {METAL}-{POOR} {DAMPED} Ly$\upalpha${SYSTEM}},
	journal = {The Astrophysical Journal}
}

@article{Pisanti:2007hk,
      author         = "Pisanti, O. and Cirillo, A. and Esposito, S. and Iocco,
                        F. and Mangano, G. and Miele, G. and Serpico, P. D.",
      title          = "{PArthENoPE: Public Algorithm Evaluating the
                        Nucleosynthesis of Primordial Elements}",
      journal        = "Comput. Phys. Commun.",
      volume         = "178",
      year           = "2008",
      pages          = "956-971",
      doi            = "10.1016/j.cpc.2008.02.015",
      eprint         = "0705.0290",
      archivePrefix  = "arXiv",
      primaryClass   = "astro-ph",
      reportNumber   = "DSF-13-07, FERMILAB-PUB-07-079-A, SLAC-PUB-12488",
      SLACcitation   = "%%CITATION = ARXIV:0705.0290;%%"
}

@article{Arbey:2011nf,
      author         = "Arbey, Alexandre",
      title          = "{AlterBBN: A program for calculating the BBN abundances
                        of the elements in alternative cosmologies}",
      journal        = "Comput. Phys. Commun.",
      volume         = "183",
      year           = "2012",
      pages          = "1822-1831",
      doi            = "10.1016/j.cpc.2012.03.018",
      eprint         = "1106.1363",
      archivePrefix  = "arXiv",
      primaryClass   = "astro-ph.CO",
      reportNumber   = "CERN-PH-TH-2011-135, LYCEN-2011-06",
      SLACcitation   = "%%CITATION = ARXIV:1106.1363;%%"
}

@article{Arbey:2018zfh,
      author         = "Arbey, A. and Auffinger, J. and Hickerson, K. P. and
                        Jenssen, E. S.",
      title          = "{AlterBBN v2: A public code for calculating Big-Bang
                        nucleosynthesis constraints in alternative cosmologies}",
      journal        = "Comput. Phys. Commun.",
      volume         = "248",
      year           = "2020",
      pages          = "106982",
      doi            = "10.1016/j.cpc.2019.106982",
      eprint         = "1806.11095",
      archivePrefix  = "arXiv",
      primaryClass   = "astro-ph.CO",
      reportNumber   = "CERN-TH-2018-146",
      SLACcitation   = "%%CITATION = ARXIV:1806.11095;%%"
}

@article{Mukhanov:2003xs,
	author         = "Mukhanov, Viatcheslav F.",
	title          = "{Nucleosynthesis without a computer}",
	booktitle      = "{The early universe: Confronting theory with
	observations. Proceedings, 8th Workshop, Peyresq Physics
	8, Peyresq, France, June 21-27, 2003}",
	journal        = "Int. J. Theor. Phys.",
	volume         = "43",
	year           = "2004",
	pages          = "669-693",
	doi            = "10.1023/B:IJTP.0000048169.69609.77",
	eprint         = "astro-ph/0303073",
	archivePrefix  = "arXiv",
	primaryClass   = "astro-ph",
	SLACcitation   = "%%CITATION = ASTRO-PH/0303073;%%"
}

@article{Pitrou:2018cgg,
	author         = "Pitrou, Cyril and Coc, Alain and Uzan, Jean-Philippe and
	Vangioni, Elisabeth",
	title          = "{Precision big bang nucleosynthesis with improved
	Helium-4 predictions}",
	journal        = "Phys. Rept.",
	volume         = "754",
	year           = "2018",
	pages          = "1-66",
	doi            = "10.1016/j.physrep.2018.04.005",
	eprint         = "1801.08023",
	archivePrefix  = "arXiv",
	primaryClass   = "astro-ph.CO",
	SLACcitation   = "%%CITATION = ARXIV:1801.08023;%%"
}

@article{Gariazzo:2019gyi,
	author         = "Gariazzo, S. and de Salas, P. F. and Pastor, S.",
	title          = "{Thermalisation of sterile neutrinos in the early
	Universe in the 3+1 scheme with full mixing matrix}",
	journal        = "JCAP",
	volume         = "1907",
	year           = "2019",
	number         = "07",
	pages          = "014",
	doi            = "10.1088/1475-7516/2019/07/014",
	eprint         = "1905.11290",
	archivePrefix  = "arXiv",
	primaryClass   = "astro-ph.CO",
	SLACcitation   = "%%CITATION = ARXIV:1905.11290;%%"
}

@article{deSalas:2016ztq,
	author         = "de Salas, Pablo F. and Pastor, Sergio",
	title          = "{Relic neutrino decoupling with flavour oscillations
	revisited}",
	journal        = "JCAP",
	volume         = "1607",
	year           = "2016",
	number         = "07",
	pages          = "051",
	doi            = "10.1088/1475-7516/2016/07/051",
	eprint         = "1606.06986",
	archivePrefix  = "arXiv",
	primaryClass   = "hep-ph",
	reportNumber   = "IFIC-16-10, TTK-16-23",
	SLACcitation   = "%%CITATION = ARXIV:1606.06986;%%"
}

@article{Aghanim:2018eyx,
	author         = "Aghanim, N. and others",
	title          = "{Planck 2018 results. VI. Cosmological parameters}",
	collaboration  = "Planck",
	year           = "2018",
	eprint         = "1807.06209",
	archivePrefix  = "arXiv",
	primaryClass   = "astro-ph.CO",
	SLACcitation   = "%%CITATION = ARXIV:1807.06209;%%"
}

@article{Husdal:2016haj,
	author         = "Husdal, Lars",
	title          = "{On Effective Degrees of Freedom in the Early Universe}",
	journal        = "Galaxies",
	volume         = "4",
	year           = "2016",
	number         = "4",
	pages          = "78",
	doi            = "10.3390/galaxies4040078",
	eprint         = "1609.04979",
	archivePrefix  = "arXiv",
	primaryClass   = "astro-ph.CO",
	SLACcitation   = "%%CITATION = ARXIV:1609.04979;%%"
}

@article{Schettler:2010wi,
      author         = "Boeckel, Tillmann and Schettler, Simon and
                        Schaffner-Bielich, Jurgen",
      title          = "{The Cosmological QCD Phase Transition Revisited}",
      booktitle      = "{Proceedings, International School of Nuclear Physics,
                        32nd Course: Particle and nuclear astrophysics: Erice,
                        Italy, September 16-24, 2010}",
      journal        = "Prog. Part. Nucl. Phys.",
      volume         = "66",
      year           = "2011",
      pages          = "266-270",
      doi            = "10.1016/j.ppnp.2011.01.017",
      eprint         = "1012.3342",
      archivePrefix  = "arXiv",
      primaryClass   = "astro-ph.CO",
      SLACcitation   = "%%CITATION = ARXIV:1012.3342;%%"
}

@book{Bernstein:1988bw,
	author         = "Bernstein, J.",
	title          = "{Kinetic Theory in the Expanding Universe}",
	publisher      = "Cambridge University Press",
	address        = "Cambridge, U.K.",
	year           = "1988",
	series         = "Cambridge Monographs on Mathematical Physics",
	doi            = "10.1017/CBO9780511564185",
	ISBN           = "9780511564185",
	SLACcitation   = "%%CITATION = INSPIRE-272066;%%"
}

@article{Gondolo:1990dk,
	author         = "Gondolo, Paolo and Gelmini, Graciela",
	title          = "{Cosmic abundances of stable particles: Improved
	analysis}",
	journal        = "Nucl. Phys.",
	volume         = "B360",
	year           = "1991",
	pages          = "145-179",
	doi            = "10.1016/0550-3213(91)90438-4",
	reportNumber   = "UCLA-90-TEP-68",
	SLACcitation   = "%%CITATION = NUPHA,B360,145;%%"
}

@article{Kremer:2012dd,
	author         = "Kremer, Gilberto M.",
	title          = "{The Boltzmann equation in special and general
	relativity}",
	journal        = "AIP Conf. Proc.",
	volume         = "1501",
	year           = "2012",
	pages          = "160-167",
	doi            = "10.1063/1.4769495",
	eprint         = "1207.3977",
	archivePrefix  = "arXiv",
	primaryClass   = "cond-mat.stat-mech",
	SLACcitation   = "%%CITATION = ARXIV:1207.3977;%%"
}

@article{Kolb:1990vq,
	author         = "Kolb, Edward W. and Turner, Michael S.",
	title          = "{The Early Universe}",
	journal        = "Front. Phys.",
	volume         = "69",
	year           = "1990",
	pages          = "1-547",
	SLACcitation   = "%%CITATION = FRPHA,69,1;%%"
}

@article{1983Afz....19..323A,
	author = {{Aharonian}, F.~A. and {Atoian}, A.~M. and {Nagapetian}, A.~M.
	},
	title = "{Photoproduction of electron-positron pairs in compact X-ray sources}",
	journal = {Astrofizika},
	keywords = {Electron-Positron Pairs, Gamma Ray Astronomy, Pair Production, Photoproduction, X Ray Sources, Electronic Spectra, Gamma Ray Absorption},
	year = 1983,
	month = apr,
	volume = 19,
	pages = {323-334},
	adsurl = {http://adsabs.harvard.edu/abs/1983Afz....19..323A},
	adsnote = {Provided by the SAO/NASA Astrophysics Data System}
}

@article{Jones:1968zza,
	author         = "Jones, Frank C.",
	title          = "{Calculated Spectrum of Inverse-Compton-Scattered
	Photons}",
	journal        = "Phys. Rev.",
	volume         = "167",
	year           = "1968",
	pages          = "1159-1169",
	doi            = "10.1103/PhysRev.167.1159",
	SLACcitation   = "%%CITATION = PHRVA,167,1159;%%"
}

@book{berestetskii1982quantum,
	author        = "Landau, Lev Davidovich and Berestetskii, Vladimir B and
	Lifshitz, Evgenii Mikhailovich and Pitaevskii, Lev
	Petrovich",
	title         = "{Relativistic quantum theory}",
	publisher     = "Pergamon",
	address       = "Oxford",
	series        = "Course of theoretical physics",
	year          = "1971",
	url           = "https://cds.cern.ch/record/101813",
	note          = "Trans. from the Russian",
}

@article{Maximon:1968,
	title={Simple Analytic Expressions for the Total Born
	Approximation Cross Section for Pair
	Production in a Coulomb Field },
	author = {Maximon, L. C.},
	year = {1968},
	journal = {JOURNAL OF RESEARCH of the Notional Bureau of Standards}
}

@article{Poulin:2015opa,
	author         = "Poulin, Vivian and Serpico, Pasquale Dario",
	title          = "{Nonuniversal BBN bounds on electromagnetically decaying
	particles}",
	journal        = "Phys. Rev.",
	volume         = "D91",
	year           = "2015",
	number         = "10",
	pages          = "103007",
	doi            = "10.1103/PhysRevD.91.103007",
	eprint         = "1503.04852",
	archivePrefix  = "arXiv",
	primaryClass   = "astro-ph.CO",
	SLACcitation   = "%%CITATION = ARXIV:1503.04852;%%"
}

@article{2016RvMP...88a5004C,
	author = {{Cyburt}, R.~H. and {Fields}, B.~D. and {Olive}, K.~A. and {Yeh}, T.-H.
	},
	title = "{Big bang nucleosynthesis: Present status}",
	journal = {Reviews of Modern Physics},
	archivePrefix = "arXiv",
	eprint = {1505.01076},
	year = 2016,
	month = jan,
	volume = 88,
	number = 1,
	eid = {015004},
	pages = {015004},
	doi = {10.1103/RevModPhys.88.015004},
	adsurl = {http://adsabs.harvard.edu/abs/2016RvMP...88a5004C},
	adsnote = {Provided by the SAO/NASA Astrophysics Data System}
}

@article{Geiss2003,
	author="Geiss, Johannes and Gloeckler, George",
	title="{Isotopic Composition of H, HE and NE in the Protosolar Cloud}",
	journal="Space Science Reviews",
	year="2003",
	month="Apr",
	day="01",
	volume="106",
	number="1"
}

@article{Tanabashi:2018oca,
	author         = "Tanabashi, M. and others",
	title          = "{Review of Particle Physics}",
	collaboration  = "Particle Data Group",
	journal        = "Phys. Rev.",
	volume         = "D98",
	year           = "2018",
	number         = "3",
	pages          = "030001",
	doi            = "10.1103/PhysRevD.98.030001",
	SLACcitation   = "%%CITATION = PHRVA,D98,030001;%%"
}

@article{Kawasaki_1999,
   title={Cosmological Constraints on Late-time Entropy Production},
   volume={82},
   ISSN={1079-7114},
   url={http://dx.doi.org/10.1103/PhysRevLett.82.4168},
   DOI={10.1103/physrevlett.82.4168},
   number={21},
   journal={Physical Review Letters},
   publisher={American Physical Society (APS)},
   author={Kawasaki, M. and Kohri, K. and Sugiyama, Naoshi},
   year={1999},
   month={May},
   pages={4168–4171}
}

@article{Thomas:2019ran,
	author         = "Thomas, Luke C. and Dezen, Ted and Grohs, Evan B. and
	Kishimoto, Chad T.",
	title          = "{Electron-Positron Annihilation Freeze-Out in the Early
	Universe}",
	year           = "2019",
	eprint         = "1910.14050",
	archivePrefix  = "arXiv",
	primaryClass   = "hep-ph",
	SLACcitation   = "%%CITATION = ARXIV:1910.14050;%%"
}

@article{Depta:2020wmr,
	author = "Depta, Paul Frederik and Hufnagel, Marco and Schmidt-Hoberg, Kai",
	title = "{Robust cosmological constraints on axion-like particles}",
	eprint = "2002.08370",
	archivePrefix = "arXiv",
	primaryClass = "hep-ph",
	reportNumber = "DESY-20-003",
	doi = "10.1088/1475-7516/2020/05/009",
	journal = "JCAP",
	volume = "05",
	pages = "009",
	year = "2020"
}

@article{Bondarenko:2019vrb,
      author         = "Bondarenko, Kyrylo and Boyarsky, Alexey and Bringmann,
                        Torsten and Hufnagel, Marco and Schmidt-Hoberg, Kai and
                        Sokolenko, Anastasia",
      title          = "{Direct detection and complementary constraints for
                        sub-GeV dark matter}",
      journal        = "JHEP",
      volume         = "03",
      year           = "2020",
      pages          = "118",
      doi            = "10.1007/JHEP03(2020)118",
      eprint         = "1909.08632",
      archivePrefix  = "arXiv",
      primaryClass   = "hep-ph",
      reportNumber   = "DESY-19-140",
      SLACcitation   = "%%CITATION = ARXIV:1909.08632;%%"
}

@article{Depta:2019lbe,
	author         = "Depta, Paul Frederik and Hufnagel, Marco and
	Schmidt-Hoberg, Kai and Wild, Sebastian",
	title          = "{BBN constraints on the annihilation of MeV-scale dark
	matter}",
	journal        = "JCAP",
	volume         = "1904",
	year           = "2019",
	pages          = "029",
	doi            = "10.1088/1475-7516/2019/04/029",
	eprint         = "1901.06944",
	archivePrefix  = "arXiv",
	primaryClass   = "hep-ph",
	reportNumber   = "DESY-19-006, DESY 19-006",
	SLACcitation   = "%%CITATION = ARXIV:1901.06944;%%"
}

@article{Hufnagel:2018bjp,
      author         = "Hufnagel, Marco and Schmidt-Hoberg, Kai and Wild,
                        Sebastian",
      title          = "{BBN constraints on MeV-scale dark sectors. Part II.
                        Electromagnetic decays}",
      journal        = "JCAP",
      volume         = "1811",
      year           = "2018",
      pages          = "032",
      doi            = "10.1088/1475-7516/2018/11/032",
      eprint         = "1808.09324",
      archivePrefix  = "arXiv",
      primaryClass   = "hep-ph",
      reportNumber   = "DESY 18-133, DESY-18-133",
      SLACcitation   = "%%CITATION = ARXIV:1808.09324;%%"
}

@article{Hufnagel:2017dgo,
      author         = "Hufnagel, Marco and Schmidt-Hoberg, Kai and Wild,
                        Sebastian",
      title          = "{BBN constraints on MeV-scale dark sectors. Part I.
                        Sterile decays}",
      journal        = "JCAP",
      volume         = "1802",
      year           = "2018",
      pages          = "044",
      doi            = "10.1088/1475-7516/2018/02/044",
      eprint         = "1712.03972",
      archivePrefix  = "arXiv",
      primaryClass   = "hep-ph",
      reportNumber   = "DESY-17-211",
      SLACcitation   = "%%CITATION = ARXIV:1712.03972;%%"
}

@article{Bringmann:2020mgx,
	author = "Bringmann, Torsten and Depta, Paul Frederik and Hufnagel, Marco and Schmidt-Hoberg, Kai",
	title = "{Precise dark matter relic abundance in decoupled sectors}",
	eprint = "2007.03696",
	archivePrefix = "arXiv",
	primaryClass = "hep-ph",
	reportNumber = "DESY 20-113",
	month = "7",
	year = "2020"
}

@article{Garny:2018icg,
	author         = "Garny, Mathias and Heisig, Jan and Hufnagel, Marco and
	Lülf, Benedikt",
	title          = "{Top-philic dark matter within and beyond the WIMP
	paradigm}",
	journal        = "Phys. Rev.",
	volume         = "D97",
	year           = "2018",
	number         = "7",
	pages          = "075002",
	doi            = "10.1103/PhysRevD.97.075002",
	eprint         = "1802.00814",
	archivePrefix  = "arXiv",
	primaryClass   = "hep-ph",
	reportNumber   = "TUM-HEP 1131/18, TTK-18-05, DESY-18-018, TUM-HEP-1131-18",
	SLACcitation   = "%%CITATION = ARXIV:1802.00814;%%"
}

@article{Garny:2019kua,
	author         = "Garny, Mathias and Heisig, Jan and Hufnagel, Marco and
	Lülf, Benedikt and Vogl, Stefan",
	title          = "{Conversion-driven freeze-out: Dark matter genesis beyond
	the WIMP paradigm}",
	booktitle      = "{Proceedings, 18th Hellenic School and Workshops on
	Elementary Particle Physics and Gravity (CORFU2018):
	Corfu, Corfu, Greece}",
	journal        = "PoS",
	volume         = "CORFU2018",
	year           = "2019",
	pages          = "092",
	doi            = "10.22323/1.347.0092",
	eprint         = "1904.00238",
	archivePrefix  = "arXiv",
	primaryClass   = "hep-ph",
	reportNumber   = "TUM-HEP-1195/19, CP3-19-14, DESY-19-064, TTK-19-13",
	SLACcitation   = "%%CITATION = ARXIV:1904.00238;%%"
}

@article{Zyla:2020zbs,
    author = "Zyla, P.A. and others",
    collaboration = "Particle Data Group",
    title = "{Review of Particle Physics}",
    doi = "10.1093/ptep/ptaa104",
    journal = "PTEP",
    volume = "2020",
    number = "8",
    pages = "083C01",
    year = "2020"
}